1813 2974
382 281 445 324 26

684 409 1357 459 CAPUTII.

547 546 619 592 De
656 548 977 592 InsecroRUM
1013 547 1434 592 METAMoRPHosr
1465 547 1481 591 .’

376 677 795 792 ADmirandum
850 696 950 726 sane
985 693 1149 725 naturae
1184 692 1442 742 portentum
1478 691 1540 724 est
1573 680 1646 724 In-

529 762 749 794 sectorum
789 746 1156 810 metamorphosis
1193 781 1207 801 ,
1260 762 1348 806 qua
1401 748 1551 791 omnia
1597 761 1647 791 ex

373 830 464 859 ovo
502 816 720 861 nascentia
757 816 892 859 varias
928 817 1193 861 mutationes
1230 812 1417 860 subeunt
1457 845 1467 865 ,
1503 814 1648 876 prius-

370 897 505 942 quam
542 881 594 927 ad
632 882 875 944 perfectum
910 880 1157 928 animalculi
1195 896 1355 928 statum
1379 881 1648 944 perveniant.

370 949 645 1007 Hujusmodi
682 951 947 997 mutationes
983 965 1085 996 sunt
1115 965 1183 996 tot
1212 966 1339 994 novae
1374 962 1556 994 externae
1578 946 1645 992 fa-

366 1015 470 1069 cies,
490 1033 596 1079 quas
632 1019 759 1064 certis
795 1016 1058 1079 quibusdam
1081 1014 1353 1079 temporibus
1373 1019 1541 1061 Insecta
1560 1014 1640 1061 ad-

363 1083 549 1144 quirunt
572 1116 583 1133 ‚
621 1083 762 1132 donec
801 1081 1082 1146 perficiantur
1108 1120 1121 1139 ,
1156 1099 1198 1130 et
1235 1082 1289 1129 ad
1326 1097 1410 1127 tres
1448 1079 1638 1145 utpluri-

360 1164 488 1196 mum
524 1149 822 1198 reducuntur:
858 1149 1058 1197 videlicet
1092 1157 1318 1200 Larvam‚
1359 1155 1559 1213 Pupam,
1592 1163 1636 1195 et

361 1216 629 1281 Imaginem.
682 1219 898 1275 Quamvis
935 1217 1087 1279 triplex
1127 1215 1498 1276 metamorphosis
1530 1233 1634 1263 om-

359 1280 488 1328 nibus
507 1287 684 1332 Insectis
704 1287 758 1332 sit
777 1287 1029 1333 communis
1050 1318 1059 1335 ,
1081 1284 1298 1349 graduum
1331 1297 1476 1328 tamen
1499 1287 1633 1331 varie·

359 1363 446 1394 tate
479 1349 658 1407 differt3
696 1370 837 1417 quum
871 1352 951 1399 alia
985 1368 1123 1398 totam
1161 1366 1335 1398 mutent
1369 1352 1415 1397 in
1449 1351 1631 1415 singulis

356 1413 817 1466 transformationibus
849 1435 1113 1467 structuram
1133 1454 1146 1474 ‚
1176 1419 1256 1464 alia
1295 1435 1398 1463 vero
1434 1417 1637 1465 detractis

354 1496 529 1530 tanturn
551 1487 768 1534 tunicisin
790 1488 1025 1551 imaginem
1046 1501 1278 1532 transeant.
1296 1485 1637 1548 Metamorpho-

349 1550 407 1595 sis
441 1550 711 1600 insectorum
745 1555 866 1602 tantiv
889 1552 1083 1600 habenda
1103 1588 1118 1608 ,
1172 1568 1222 1600 ut
1255 1551 1308 1598 ab
1343 1555 1436 1611 ejus
1470 1554 1629 1615 cogni-

349 1618 474 1662 tione
518 1620 732 1668 naturales
766 1623 967 1685 ipsorum
1019 1619 1195 1667 ordines
1244 1621 1373 1666 statui
1425 1622 1628 1681 possint3

346 1682 540 1747 ideoque
574 1687 876 1752 subjungenda
927 1689 973 1743 in
1023 1691 1237 1751 cujusque
1274 1687 1430 1733 insecti
1468 1685 1632 1734 descri-

348 1751 786 1813 ptione.Quoniam
822 1752 876 1800 ab
910 1772 1001 1801 ovo
1035 1754 1256 1799 evolvitur
1278 1756 1473 1802 Larva‚e
1508 1752 1626 1802 larva

348 1814 569 1865 formatur
592 1823 711 1884 Pupa
732 1857 744 1874 ‚
765 1839 787 1867 e
808 1838 924 1885 pupa
953 1822 998 1867 in
1022 1819 1163 1867 lucem
1201 1821 1319 1867 venit
1338 1825 1490 1882 Imago
1510 1855 1524 1875 ,
1545 1837 1566 1865 e
1584 1839 1630 1868 re

345 1900 498 1931 nostra
534 1889 615 1933 erit
649 1890 702 1935 de
734 1889 850 1935 hisce
870 1887 1087 1952 sigillatim
1107 1905 1353 1935 sermonem
1374 1886 1623 1937 instituere.

479 1956 677 2000 OVUM
734 1958 980 2002 tunicatum
1026 1954 1108 2001 sub
1146 1957 1325 2002 minima
1364 1953 1480 2000 mole
1513 1970 1623 2000 con-

340 2021 450 2067 tinet
487 2021 788 2067 rudimentum
827 2021 967 2068 futuri
1000 2021 1290 2076 animalculi,
1327 2021 1442 2068 unde
1478 2023 1618 2084 ruptis

340 2090 502 2136 tunicis
540 2087 657 2133 larva
704 2088 924 2151 egreditur
962 2123 972 2134 .
1026 2092 1193 2134 Insecta
1243 2090 1393 2135 omnia
1442 2089 1621 2151 ovipara

341 2170 480 2208 sunt,
518 2157 616 2201 unis
669 2156 863 2218 exceptis
918 2154 1163 2218 Apliidibus
1186 2191 1200 2210 ,
1246 2170 1352 2200 teste
1389 2158 1621 2203 Reaumu-

341 2224 411 2268 rio
434 2257 446 2276 ,
483 2239 582 2268 vere
617 2224 808 2286 oviparis
844 2258 858 2278 ,
893 2238 936 2268 et
968 2238 1185 2268 autumno
1223 2223 1426 2286 viviparis
1451 2257 1461 2268 .
1498 2225 1618 2270 Cura

338 2290 490 2336 matris
510 2307 592 2353 pro
629 2306 823 2336 ovorum
857 2292 1190 2336 conservatione
1210 2290 1463 2338 admiranda
1485 2325 1496 2338 .
1518 2289 1616 2337 Dif-

336 2353 484 2402 ferunt
520 2375 605 2404 ova
640 2357 813 2422 figura,
854 2358 938 2403 situ
961 2392 973 2411 ‚
1011 2360 1198 2406 vestitu,
1233 2356 1413 2407 colore.

400 2422 565 2491 Figura
583 2461 595 2475 .
767 2422 962 2471 Globosa
984 2461 994 2471 .
1034 2434 1211 2472 Aranea
1233 2462 1245 2474 .

767 2492 1112 2558 Hemisphaerica
1134 2529 1146 2542 .
1190 2499 1374 2542 Cancer.

1515 2555 1610 2608 Ob.
