1813 2974
364 283 389 316 2
402 276 428 323 8
500 277 1048 330 DEs‘ffiECToRUM
1089 276 1519 330 METAMORPH.

814 360 980 410 foliata
1017 397 1030 416 ,
1082 363 1194 407 intra
1229 358 1389 408 folium
1426 363 1647 412 convolu-

835 492 837 494 η
871 444 967 476 tum
1005 442 1190 492 utraque
1225 429 1497 476 extremitate
1534 432 1648 479 clau-

872 513 971 543 sum
1006 510 1282 542 conservata.
1326 497 1585 544 Attelubus.

802 561 971 612 Gallata
1005 596 1022 614 ,
1079 564 1192 607 intra
1243 560 1403 626 gallam
1440 582 1460 608 a
1498 567 1650 614 matris

866 644 1087 694 punctura
1118 644 1437 676 excrescentem
1456 630 1647 682 latentia.

876 695 1028 765 Cynips
1049 732 1062 745 .

800 766 1050 828 Imposita,
1089 762 1201 808 intra
1234 761 1514 824 reliquorum
1550 768 1647 813 ani-

860 830 1045 879 malium
1083 847 1273 893 corpora
1307 829 1485 878 latentia
1508 869 1519 880 .
1561 838 1645 880 Oe-

868 914 980 944 strus
1016 934 1030 953 ‚
1069 897 1238 963 Sphex‚
1309 947 1311 950 Α

799 964 1008 1016 Glebata,
1046 965 1158 1010 intra
1195 979 1316 1010 terrae
1352 961 1526 1029 glebam
1561 965 1640 1014 de-

862 1034 1029 1097 posita.
1070 1029 1339 1077 Scarabaeus.

796 1099 1032 1150 Custodita
1055 1099 1215 1152 ‚intra
1250 1115 1455 1145 acervum
1475 1117 1498 1145 e
1516 1097 1634 1146 foliis

865 1165 1204 1230 quisquiliisque
1222 1165 1550 1213 accumulatum
1572 1184 1641 1214 as-

869 1249 1035 1280 servata
1055 1270 1066 1280 .
1103 1231 1300 1279 Formica
1323 1267 1334 1279 .

798 1301 956 1356 Nuda,
992 1299 1115 1347 omni
1152 1302 1310 1346 vestitu
1347 1298 1514 1349 orbata.
1547 1307 1643 1350 Pu-

874 1373 942 1417 lex
965 1404 977 1423 ,
1013 1367 1207 1426 Musca.

435 1436 604 1482 Coloress
798 1435 1011 1499 Pleraque
1044 1450 1146 1482 sunt
1179 1433 1274 1481 alba
1296 1471 1310 1490 ,
1345 1437 1481 1498 grisea
1523 1471 1537 1490 ,
1567 1437 1635 1483 vi-

857 1504 997 1557 ridia,
1033 1518 1108 1549 aut
1143 1501 1340 1550 brunnea
1384 1539 1396 1551 .
1451 1504 1639 1551 Colores

861 1571 984 1617 mixti
1022 1572 1134 1617 rari.

486 1638 699 1686 LARVA
735 1669 753 1691 ,
790 1636 881 1686 sive
915 1644 1062 1684 Eruca
1084 1672 1097 1692 ‚
1133 1649 1207 1683 aut
1247 1633 1405 1682 vermis
1429 1672 1442 1691 ,
1481 1638 1635 1684 insecti

349 1701 579 1750 infantiam
600 1719 891 1768 repraesentat.
929 1703 1086 1751 Mollis
1104 1719 1168 1749 est
1191 1737 1205 1757 ,
1240 1703 1495 1750 succulenta
1520 1739 1534 1758 ‚
1551 1720 1640 1751 ste-

352 1769 442 1817 rilis
465 1805 479 1824 ‚
521 1788 656 1817 vorax
692 1807 706 1827 ,
752 1770 962 1818 alimento
997 1771 1181 1834 proprio
1217 1772 1357 1817 nutrit
1394 1771 1632 1835 imaginem

351 1837 559 1885 latentem
615 1840 663 1885 in
712 1837 976 1885 adultiorem
1026 1852 1195 1884 aetatem
1234 1873 1246 1885 .
1305 1837 1486 1901 Absque
1520 1837 1634 1895 alis,

351 1922 463 1970 saepe
497 1904 662 1969 absque
698 1903 881 1967 pedibus
920 1937 934 1959 ,
987 1921 1173 1968 persaepe
1207 1903 1406 1968 pluribus
1444 1903 1630 1969 pedibus

353 1987 511 2019 ornata
533 2007 543 2019 .
577 1977 630 2018 In
664 1972 752 2019 dies
786 1973 1021 2023 increscit,
1063 1987 1105 2018 et
1139 1974 1185 2018 in
1220 1974 1495 2019 incremento
1532 1971 1630 2035 ple-

352 2054 545 2102 rumque
596 2055 750 2102 quater
801 2041 975 2088 exuvias
1008 2038 1192 2103 deponit
1225 2074 1243 2095 ,
1278 2039 1420 2085 donec
1456 2041 1502 2085 in
1538 2045 1632 2087 Pu·-

351 2120 456 2174 pam
494 2119 683 2153 transeat
703 2142 714 2154 .

491 2173 653 2220 PUPA
674 2206 687 2224 ,
728 2173 817 2219 sive
855 2173 1064 2242 Chrysalis
1095 2207 1109 2228 ,
1145 2172 1346 2242 Nympha
1367 2209 1382 2228 ,
1417 2187 1492 2221 aut
1531 2176 1635 2220 An-

351 2241 461 2288 relia
502 2274 518 2295 ,
551 2242 705 2288 insecti
740 2240 1076 2288 adolescentiam
1113 2243 1311 2289 continet
1347 2242 1392 2288 in
1430 2256 1632 2306 vegetam

352 2324 523 2356 aetatem
545 2342 558 2354 .
595 2310 764 2356 Durior
795 2325 894 2365 est,
929 2311 1086 2356 siccior
1119 2345 1134 2364 ,
1168 2308 1322 2356 sterilis
1362 2345 1375 2364 ‚
1410 2326 1501 2355 non
1538 2324 1630 2354 am·

353 2375 469 2439 phus
503 2378 747 2423 increscens
769 2411 785 2429 ,
825 2394 935 2441 saepe
969 2377 1195 2440 quiescens
1219 2412 1233 2432 ‚
1271 2375 1540 2439 roboratque
1560 2375 1625 2420 la-

354 2458 518 2490 tentem
551 2445 792 2508 imaginem
826 2445 881 2490 ad
915 2445 1209 2491 maturitatem
1245 2462 1384 2509 usque
1423 2480 1433 2491 .
1488 2442 1624 2489 Nuda

351 2526 419 2557 est
440 2542 453 2563 ‚
486 2510 554 2558 vel
590 2509 858 2568 folliculata,
894 2529 1005 2575 saepe
1043 2510 1209 2578 absque
1242 2530 1351 2570 ore,
1386 2509 1523 2559 modo
1546 2525 1622 2570 pe-

347 2575 480 2629 dibus
515 2595 700 2635 ornata,
732 2579 873 2629 modo
907 2579 1079 2644 apoda.
1504 2579 1616 2623 Tam
