1813 2974
425 244 485 286 54

580 428 1191 508 SECTIO
1335 429 1488 506 IV-

416 588 517 633 DF,
570 590 1046 637 VARIORUM
1098 588 1693 638 SYSTEMATUM

762 672 1360 720 PRAESTANTIA.

424 814 546 920 H
571 875 766 922 Actenus
801 876 1079 922 Insectorum
1100 888 1241 941 partes
1261 872 1583 938 descripsimus,
1621 893 1696 923 eo-

424 955 618 1005 rumque
649 941 933 991 Characteres
978 957 1028 987 ac
1065 944 1349 1006 proprietates
1382 946 1696 1006 exposuimus,

427 1023 508 1052 nec
542 1008 891 1072 philosophicam
926 1008 982 1055 de
1014 1010 1168 1057 iisdem
1202 1011 1505 1057 tractationem
1542 1009 1698 1056 habere

423 1075 692 1137 negleximus
728 1109 740 1130 ,
775 1077 1038 1137 proximum
1073 1094 1193 1123 nunc
1227 1092 1324 1127 est,
1362 1093 1409 1123 ut
1446 1078 1575 1123 variis
1612 1076 1702 1122 cla-

425 1142 702 1190 rissimorum
739 1145 990 1189 Auctorum
1011 1143 1230 1190 methodis
1248 1143 1303 1189 ad
1323 1160 1500 1190 examen
1523 1161 1703 1190 revoca-

424 1209 478 1252 tis
502 1243 515 1261 ‚
544 1211 656 1254 inter
688 1211 800 1271 ipsas
836 1209 1144 1268 dijudicemus,
1163 1227 1351 1273 eamque
1386 1212 1536 1259 ceteris
1573 1226 1700 1273 post-

424 1274 581 1322 habitis
648 1276 878 1341 seligamus
911 1312 925 1331 ‚
964 1294 1062 1340 quae
1097 1279 1193 1324 usui
1248 1276 1375 1323 nobis
1427 1296 1516 1325 esse
1567 1279 1706 1340 possit

426 1357 516 1388 tam
551 1344 597 1390 in
633 1343 994 1391 denominatione
1028 1359 1069 1391 ct
1090 1343 1705 1401 distributioneinsectorum,

425 1427 525 1472 quae
560 1427 740 1458 noscere
775 1410 959 1458 velimus
992 1447 1006 1467 ,
1042 1429 1178 1475 quam
1229 1414 1299 1463 irr
1329 1412 1584 1458 ordinandis
1619 1411 1703 1467 iis,

422 1495 620 1542 quorum
654 1476 1044 1526 describendorum
1078 1479 1244 1541 cupido
1279 1497 1362 1525 nos
1381 1481 1632 1527 incesserit.

494 1547 827 1601 Praestantiora,
880 1563 979 1608 quae
1015 1545 1158 1592 adhuc
1212 1545 1357 1592 lucem
1411 1562 1666 1609 aspexerunt
1693 1583 1706 1599 ,

427 1613 570 1671 hujus‘
593 1613 781 1658 scientiae
835 1628 1064 1674 systemata
1106 1648 1121 1668 ,
1174 1626 1370 1677 quatuor
1423 1616 1705 1676 potissimum

426 1681 637 1726 recenseri
670 1679 846 1734 solent,
883 1697 980 1744 quae
999 1681 1210 1726 nimirum
1247 1678 1466 1741 protulere
1484 1681 1706 1733 Lhrnaeus,

427 1744 692 1807 Geoffroyus
711 1781 726 1801 ,
767 1749 987 1811 Degeerus
1013 1783 1027 1802 ,
1061 1763 1110 1792 ac
1131 1745 1349 1792 Fabricius
1373 1782 1382 1793 .
1429 1748 1525 1793 Suis
1563 1763 1709 1794 tamen

430 1812 603 1878 singula
636 1830 730 1860 non
763 1827 912 1860 carent
945 1814 1115 1866 naevis,
1170 1811 1385 1878 pluraque
1437 1813 1676 1861 admittunt
1696 1847 1709 1868 ,

430 1898 530 1944 quae
564 1883 660 1940 jure
693 1882 739 1926 in
772 1882 876 1943 ipsis
913 1879 1378 1946 reprehendes3quod
1415 1880 1596 1943 quidem
1636 1899 1705 1928 ar-

430 1948 526 2012 guit
559 1965 607 1993 ea
642 1947 696 1995 ad
732 1946 995 1997 umbilicum
1030 1965 1125 1995 non
1160 1964 1250 1994 esse
1285 1947 1472 1994 adducta
1497 1983 1509 1995 .

496 2013 687 2063 Carolus
722 2016 925 2063 Linnaeus
960 2032 1091 2062 suum
1136 2029 1322 2076 systema
1375 2017 1434 2060 ita
1471 2015 1710 2063 concinna-

433 2082 533 2135 vit,
569 2096 620 2127 ut
655 2080 709 2126 ab
762 2081 838 2128 alis
891 2087 1169 2130 Insectorum
1222 2080 1523 2144 dispositionis
1559 2082 1710 2130 chara-

432 2162 569 2194 cteres
604 2147 879 2202 desumeret,
918 2147 1284 2213 distribueretque
1306 2152 1477 2194 {ns-ecta
1513 2165 1707 2212 quatuor

430 2213 508 2260 alis
540 2213 701 2260 donata
735 2217 781 2260 in
816 2216 1016 2280 quinque
1049 2218 1218 2281 priores
1249 2214 1459 2268 ordines,
1498 2215 1563 2262 vel
1600 2216 1706 2263 clas-

434 2297 500 2326 ses
521 2313 534 2332 ,
569 2283 739 2340 rejectis
772 2283 823 2328 iis
846 2318 860 2337 ‚
895 2301 994 2347 quae
1047 2282 1215 2331 duabus
1265 2281 1343 2330 alis
1389 2284 1704 2339 instruuntur,

433 2350 480 2393 in
515 2363 684 2395 sextum
722 2348 963 2402 ordinem;
1000 2351 1187 2414 septimo
1223 2350 1399 2398 tandem
1435 2351 1659 2396 accensitis
1691 2387 1707 2406 ,

439 2433 538 2478 quae
569 2415 724 2462 iisdem
760 2415 1057 2465 destituuntur
1079 2455 1091 2467 .
1125 2421 1191 2465 Ita
1225 2419 1359 2483 igitur
1394 2416 1605 2465 incedunt
1637 2417 1707 2464 di-

433 2484 542 2546 gesti
576 2481 629 2529 ab
663 2484 758 2546 ipso
794 2483 1003 2532 ordines,

1555 2553 1706 2598 ORDo
