1813 2974
402 248 469 307 254

704 362 1184 451 cAPur
1317 398 1380 449 11.

753 536 827 583 Da
865 534 1297 585 Denomnnrionnss
1315 566 1329 583 ⁴

396 670 793 801 Dssnominatio
828 734 1013 784 aiterum
1066 735 1379 801 entomologiae
1414 735 1674 790 fundantem

398 816 494 848 turn
529 807 710 852 nomina
745 803 951 852 classium
990 840 1004 858 ,
1038 805 1338 866 ordinumque
1386 809 1624 866 systematis
1656 844 1677 867 ,

393 883 451 945 et·
488 873 711 920 Generum
757 889 807 919 ac
857 873 1099 936 specierum
1154 876 1429 920 Insectorum
1470 874 1671 938 comple-

394 950 527 984 ctitur
551 976 562 987 .
777 957 779 959 ’

526 1007 728 1054 Nomina
772 1010 1051 1054 Insectorum
1087 1005 1153 1052 vei
1191 1018 1294 1056 sunt
1328 1007 1472 1055 classis
1508 1024 1551 1056 et
1585 1029 1664 1057 or...

390 1070 504 1119 dinis
539 1107 556 1127 ,
611 1072 678 1121 vel
728 1074 896 1138 generis
944 1089 988 1120 et
1040 1075 1193 1136 speciei
1231 1111 1245 1124 .
1285 1079 1405 1122 Dum
1443 1079 1669 1126 Insectum

389 1141 600 1196 occurrit,
619 1142 765 1203 primo
781 1140 889 1187 illud
904 1140 958 1187 ad
993 1141 1170 1188 classem
1196 1178 1208 1196 ,
1243 1145 1425 1205 ejusque
1462 1143 1667 1193 ordinem

388 1206 675 1262 reducimus,
707 1223 750 1254 et
768 1208 949 1254 nomine
967 1205 1146 1255 classico
1172 1208 1488 1272 distinguimus
1507 1227 1518 1262 3
1540 1210 1667 1258 dein-

385 1272 440 1320 de
489 1274 543 1320 ad
597 1277 747 1323 Genus
797 1273 914 1322 illius
949 1273 1093 1321 classis
1131 1278 1408 1338 pervenimus
1432 1276 1516 1322 -ad
1536 1280 1664 1340 quod

382 1340 615 1388 inventum
668 1348 889 1390 Insectum
944 1343 1132 1406 propriis
1166 1342 1481 1390 characteribus
1520 1347 1660 1404 perti-

381 1423 495 1464 net,
533 1424 576 1456 et
611 1423 718 1458 tunc
755 1410 938 1455 nomine
973 1410 1179 1476 generico
1215 1410 1481 1474 insignimus
1515 1429 1527 1464 ;
1568 1427 1662 1461 tana

382 1475 483 1522 dem
520 1478 700 1524 Generis
735 1474 1006 1530 differentia,
1047 1477 1100 1522 ad
1138 1493 1272 1538 quam
1310 1492 1476 1539 spectat
1500 1497 1659 1541 ,quae..

381 1543 494 1600 sita,
532 1545 715 1591 nomine
751 1539 953 1608 specifico
990 1543 1268 1608 designamus
1291 1575 1301 1589 .
1337 1543 1553 1608 Exemplo
1588 1565 1657 1596 res

376 1610 553 1674 patefiet
572 1641 588 1663 .’

511 1681 554 1726 Si
593 1684 816 1727 Insect'um
851 1691 1056 1726 occurrat
1089 1677 1167 1725 alis
1202 1695 1282 1738 4.,
1319 1698 1419 1744 quae
1454 1682 1654 1744 squamis

374 1744 617 1793 imbricatis
654 1763 774 1795 tectae
810 1747 930 1800 sint,
965 1763 1067 1792 curn
1105 1745 1257 1809 lingua
1295 1748 1438 1810 spirali
1475 1748 1651 1796 involu-

373 1825 417 1862 ta
451 1815 497 1860 in
531 1831 640 1868 ore,
675 1831 719 1862 et
752 1830 856 1861 cum
892 1829 1081 1876 corpore
1117 1813 1292 1875 piloso,
1332 1818 1477 1863 statim
1518 1818 1653 1880 perci-

372 1883 548 1945 piemus
598 1881 653 1929 ad
723 1881 903 1928 classem
968 1880 1350 1945 lepidopterorum
1400 1885 1654 1941 Systematis

374 1947 580 1996 linnaeani
627 1951 842 2013 pertinere
884 1986 895 1997 .
932 1949 1041 1995 Inde
1074 1950 1129 1994 ad
1165 1951 1344 1995 Generis
1380 1950 1648 1996 determina-

373 2018 545 2064 tionem
579 2017 767 2079 gradum
805 2015 1015 2064 faciemus
1047 2051 1061 2071 ,
1113 2033 1210 2078 quae
1247 2011 1454 2063 facillima
1490 2016 1646 2064 evadet

371 2081 518 2129 habita
575 2081 730 2130 formae
784 2086 1093 2129 Antennarum
1143 2084 1345 2132 ratione,
1387 2088 1494 2139 Quo
1529 2079 1649 2131 facto

373 2147 616 2197 differentia
651 2150 849 2213 specifica
884 2149 1147 2202 invenietur,
1168 2164 1210 2194 et
1245 2151 1426 2195 nomine
1445 2153 1651 2215 gemetico

369 2232 505 2283 atque
539 2217 746 2282 specifico
781 2221 1005 2263 Insectum
1043 2213 1339 2278 designabitur
1374 2253 1385 2265 .
1433 2221 1485 2262 In
1522 2232 1655 2279 syste-

371 2300 489 2332 mate
541 2283 721 2332 Fabricii
765 2283 914 2349 lingua
965 2282 1131 2345 spiral‘is
1180 2284 1226 2328 in
1275 2300 1352 2328 ore
1386 2284 1497 2330 inter
1534 2285 1648 2330 duos

372 2352 528 2417 palpos
582 2350 759 2399 reflexos
813 2366 990 2398 revocat
1026 2351 1141 2397 idem
1180 2353 1400 2396 Insecturn
1438 2351 1491 2397 ad
1527 2350 1650 2398 Clas-

370 2437 464 2468 sem
502 2419 811 2468 Glossatorum
854 2453 866 2471 ,
903 2435 945 2467 et
979 2434 1199 2466 structura
1235 2433 1525 2466 antennarum
1562 2436 1649 2465 una

369 2504 478 2605 Eum
524 2489 663 2553 palpis
716 2491 868 2539 Genus
912 2487 1105 2540 ostendit
1136 2521 1153 2543 ,
1187 2485 1242 2534 ad
1275 2486 1400 2552 quod
1433 2486 1649 2600 reducIeIn-

405 2568 483 2608 εικῆ
514 2571 611 2606 est.
1602 2568 1650 2596 tz-
