1813 2974
1367 242 1429 289 37

390 380 1198 433 CAPUTL·

428 517 519 564 Dra
570 517 1161 565 Drsr’osrrrortr..

151 655 275 765 D
295 719 502 785 Ispositio
536 731 601 766 est
615 720 904 766 Insectorum'
933 715 1135 767 reductio
1172 715 1216 762 in
1238 714 1432 768 Classen·

150 801 252 848 quae
302 790 348 834 in
384 787 578 835 Ordines
613 784 958 834 subdividuntur
993 822 1007 841 ,
1059 782 1332 846 illorumque
1385 782 1431 830 in

151 858 320 901 Genera
344 890 357 910 ,
393 856 555 918 species
578 888 590 907 ,
626 868 671 899 et
704 852 934 899 varietates
969 851 1196 898 distinctio
1217 887 1228 899 .
1266 849 1430 896 Videa-
1480 888 1481 891 ,

147 934 249 967 mus
285 922 430 984 primo
466 919 576 982 quid
596 919 652 965 sit
670 918 830 968 Classis
853 934 926 970 ‚et
963 919 1094 967 Ordo
1133 936 1143 964 τ
1190 916 1301 981 quid
1337 920 1426 962 Ge·

144 989 261 1035 neris
284 1022 300 1042 ‚
338 988 528 1050 speciei,
566 1001 610 1031 et
644 986 863 1033 varietatis
915 988 1101 1033 nomine
1158 986 1214 1031 sit
1262 981 1428 1029 intelli-

141 1055 341 1118 gendum
359 1076 372 1101 .·
408 1055 604 1102 seeundo
637 1054 921 1105 Characteres
943 1054 1228 1116 inspiciamus
1246 1049 1427 1114 ,quibus

141 1120 236 1169 haec
289 1123 439 1168 omnia
474 1122 673 1186 insigniri
707 1120 868 1168 debent
889 1156 903 1176 ,
934 1137 985 1169 ut
1021 1138 1113 1167 non
1132 1119 1277 1167 solum
1315 1120 1430 1164 inter

141 1205 187 1235 se
215 1188 446 1255 distingui,
467 1190 773 1238 verumetiam
807 1185 863 1236 ab
907 1204 1189 1255 unoquoque
1223 1182 1428 1252 dignosci

139 1272 314 1320 possmt
336 1293 350 1306 .

203 1395 286 1446 §.L
322 1397 393 1441 De
430 1393 570 1441 Classe
590 1429 605 1451 ,
631 1389 797 1467 Ordifte
818 1427 833 1447 ‚
870 1396 1057 1445 Genera,
1099 1389 1244 1462 Specie
1260 1422 1274 1443 ,
1310 1401 1355 1437 ea

653 1465 871 1508 Vartetate
886 1494 898 1507 .

136 1538 399 1644 CLassis
450 1606 522 1645 esti
573 1590 770 1660 plurIur'ri
822 1600 1047 1644 Generum
1113 1593 1423 1645 convenientia

133 1664 384 1710 secundum
420 1662 535 1729 leges
574 1665 694 1710 Artis
728 1676 771 1708 et
807 1664 1059 1723 Systematis
1084 1700 1094 1711 .
1134 1669 1186 1710 In
1220 1662 1418 1727 explora·

131 1743 185 1776 to
216 1745 280 1776 est
314 1731 458 1778 adesse
495 1729 649 1777 classes
698 1728 914 1778 naturales
950 1734 1232 1776 Insectorum
1274 1761 1287 1782 ·‚
1342 1727 1420 1774 sed

128 1813 226 1844 non
259 1799 412 1845 omnia
447 1800 618 1844 Insecta
652 1798 706 1844 ad
731 1795 900 1845 Classes
919 1796 1134 1844 naturales
1169 1795 1306 1861 redigi
1340 1795 1423 1841 ada

123 1861 214 1910 huc
248 1880 465 1926 possunt3
501 1880 674 1912 necesse
707 1865 841 1928 igitur
856 1864 938 1909 erit
959 1880 1008 1910 ut
1030 1864 1198 1913 Classes
1218 1861 1418 1910 artificia-

71 1953 74 1955 *
121 1929 182 1976 les
219 1931 562 1978 introducantur
596 1934 645 1978 in
679 1932 918 1993 Systemate
939 1966 952 1985 ,
989 1932 1115 1993 quod
1171 1945 1272 1978 utut
1307 1932 1412 1976 arti·-

125 1994 264 2043 ficiale
286 2033 299 2054 ,
338 2009 432 2046 non
467 1998 664 2046 minimae
716 1996 891 2045 utilitati
944 2013 1034 2043 esse
1066 2008 1213 2061 potest
1249 1997 1416 2062 digno-

125 2063 298 2112 scendis
330 2080 373 2111 et
408 2065 729 2129 distinguendis
765 2066 978 2112 Insec'tis.

265 2132 396 2180 Ordo
431 2148 494 2179 est
512 2134 733 2182 Classiam
753 2129 998 2179 subdivisio·
1033 2132 1079 2177 in
1116 2130 1412 2178 commodum

76 2206 80 2209 “
128 2200 372 2261 sy·stematis
407 2208 690 2248 constructus
723 2236 737 2255 ‚
790 2213 839 2244 ut
874 2216 1111 2245 numerosa
1164 2204 1334 2246 Genera
1366 2200 1414 2244 in

131 2266 283 2314 Classe
318 2283 520 2315 revocata
552 2270 599 2315 in
633 2266 1008 2315 subdivisionibus
1042 2265 1215 2316 facilius
1246 2266 1415 2313 inveni-

132 2334 172 2380 ti
193 2369 209 2390 ‚
243 2350 287 2381 et
321 2333 534 2401 distingui
570 2337 777 2399 poss·i·nt.·
1159 2342 1161 2344 ’
1416 2374 1431 2386 >t

268 2407 436 2450 Genera
471 2407 748 2450 Insectorurn
786 2418 853 2450 tot
891 2412 994 2451 sun't
1029 2437 1046 2456 ,
1101 2415 1217 2467 quot
1251 2400 1414 2467 species

129 2469 347 2521 naturales
380 2471 544 2526 creavit
575 2471 781 2530 Natura,
815 2472 903 2518 sint
937 2471 1137 2538 exemplo
1188 2467 1410 2524 Curculio-

796 2537 840 2588 C
910 2555 934 2601 3
1342 2551 1417 2585 ms
