1813 2974
433 288 495 327 62.
717 278 797 324 DE
831 278 959 324 USU
995 279 1419 329 INSECTO‘RUM

433 360 748 434 peditissimam
774 375 919 409 tamen
955 360 1391 416 determinandorum
1427 367 1706 414 Insectorum

433 443 650 475 samonem
683 427 892 478 exhibet.
928 433 1095 477 Genera
1127 432 1311 496 quidem
1370 433 1578 490 universa,
1618 452 1715 480 non

433 510 552 541 recte
582 497 630 541 in
664 511 713 542 ea
744 495 930 544 stabilita
962 515 1206 545 occurrunt
1244 535 1256 554 ‚
1291 498 1365 545 sed
1399 501 1559 561 species
1592 504 1714 564 opti-

433 578 504 608 me
537 559 724 610 definitae
755 579 799 610 et
832 565 1057 626 descriptae
1097 600 1108 613 .
1159 568 1278 612 Huic
1326 565 1445 612 malo
1477 582 1710 615 occurrere

429 629 568 676 adnisi
598 646 704 678 sunt
739 632 905 679 Linnaei
940 631 1109 677 asseclae
1147 631 1304 678 Villers
1327 667 1340 687 ‚
1364 632 1592 680 Gmelinus
1614 664 1626 685 ,
1659 653 1712 683 ac

429 697 682 760 praecipue,
716 700 793 761 qui
831 701 940 744 inter
992 696 1091 744 illos
1123 700 1288 745 eminet
1328 704 1350 748 ‚⁷
1395 700 1708 747 disertissimus

431 764 622 812 Carolus
657 767 808 811 Petrus
841 763 1118 830 Thunberg,
1162 765 1406 816 Academiae
1441 766 1712 829 Upsaliensis'

431 832 564 878 decus
597 847 641 877 et
673 847 989 879 ornamentnm
1010 864 1022 884 -‚
1057 835 1280 898 ipsiusque
1318 835 1479 881 Linnaei
1535 851 1710 882 succes-

431 916 505 945 sor
541 899 876 945 meritissimus.
913 903 1083 947 Verum
1131 900 1176 946 hi
1228 917 1330 946 cum
1388 917 1539 947 curam
1575 902 1724 948 indm.

429 967 671 1029 striamque
704 983 827 1015 suam
845 967 892 1013 in
910 982 964 1013 eo
981 967 1311 1021 collocaverint,
1333 983 1382 1014 ut
1417 969 1581 1014 Linnaei
1621 973 1710 1015 Ge-

432 1049 538 1079 nera
573 1036 841 1097 corrigentes
874 1050 974 1078 vera
1012 1049 1249 1081 statuerent
1279 1070 1293 1089 ,
1345 1033 1523 1081 Fabricii
1558 1034 1716 1082 chara-·

433 1115 570 1147 cteres
605 1100 815 1163 adoptare
848 1099 1095 1147 debuerunt
1127 1120 1145 1154 ,·
1184 1101 1300 1148 unde
1334 1100 1540 1148 vacillans
1575 1117 1707 1161 syste-

432 1184 506 1214 ma
538 1182 717 1214 enatum
737 1201 751 1221 ,
785 1180 829 1212 et
862 1167 1137 1230 cicatricibus
1171 1183 1338 1215 scatens
1374 1204 1384 1215 .
1443 1164 1706 1228 Geoffroyus

429 1251 549 1282 nova
581 1232 797 1283 nonnulla
833 1249 986 1297 praeter
1021 1236 1255 1283 Linnaeana
1289 1240 1457 1282 Genera
1490 1234 1708 1289 condidit,

430 1318 549 1366 quae,
583 1302 617 1348 si
651 1300 855 1363 quaedam
890 1297 993 1346 falsa
1028 1303 1240 1366 excipias,
1279 1299 1411 1348 firmo
1446 1300 1534 1347 talo
1558 1305 1704 1348 consi

429 1383 584 1416 stunt:
618 1384 666 1414 ea
699 1367 825 1414 laude
858 1367 1050 1432 dignus,
1067 1369 1193 1434 quod
1227 1368 1585 1432 diligentissimus
1621 1367 1684 1415 fui
1674 1385 1707 1415 t

429 1433 688 1482 observator
726 1466 738 1486 ,
770 1450 905 1500 atque
935 1437 982 1483 in
1003 1432 1370 1500 descriptionibus
1405 1452 1534 1499 supra
1571 1452 1708 1499 quam

429 1501 517 1549 dici
551 1516 697 1567 potest
730 1501 1079 1550 accuratissimus
1113 1545 1121 1560 ,
1181 1506 1264 1549 De·
1273 1506 1441 1548 Geerus
1493 1501 1710 1549 nonnulla

426 1570 650 1624 mutavit,
686 1584 735 1615 ut
769 1570 847 1632 qui
881 1584 932 1615 ex
967 1572 1310 1618 Antecessorurn
1359 1567 1563 1632 operibus
1601 1568 1702 1632 plu-

427 1638 540 1683 rima
573 1635 779 1700 collegit,
811 1651 956 1698 neque
1007 1635 1063 1682 ad
1113 1652 1298 1699 systema
1352 1634 1575 1682 dumtaxat
1609 1638 1710 1680 ani-

425 1719 554 1750 mum
586 1703 806 1754 advertit,
846 1718 1000 1748 verum
1034 1704 1165 1751 etiam
1186 1703 1410 1766 physicam
1431 1707 1709 1749 insectorum

428 1770 734 1835 cognitionem
768 1768 915 1816 cordi
938 1768 1089 1818 habuit
1126 1791 1141 1816 .·
1198 1787 1288 1832 qua
1338 1769 1524 1816 utilitate
1576 1770 1713 1833 ipsius

429 1853 546 1900 opus
583 1834 707 1882 valde
743 1835 1107 1884 commendatur.
1131 1835 1347 1884 Fabricius
1386 1836 1562 1883 taudem
1584 1835 1710 1882 nullo

429 1906 629 1970 partium·
660 1902 808 1952 studio
842 1902 1003 1952 ductus
1038 1939 1054 1960 ‚
1108 1903 1308 1970 nullique
1342 1902 1545 1952 addictus
1578 1937 1593 1955 ,
1653 1903 1709 1949 de

428 1987 563 2020 novo
590 1972 815 2019 seientiam
849 1971 984 2018 veluti
1016 1973 1213 2024 creavit,
1253 1989 1335 2020 suo
1368 1970 1591 2033 systemati
1637 1971 1707 2015 in-

428 2053 573 2086 tentus
607 2043 775 2085 Genera
810 2037 1000 2103 plurima
1032 2043 1119 2100 jam
1155 2054 1324 2104 recepta
1358 2038 1538 2092 divisit,
1571 2053 1705 2083 nova-

427 2123 525 2171 que.
548 2103 789 2158 conflavit,
826 2122 1152 2167 numerumque
1188 2110 1428 2152 Generum
1450 2105 1612 2154 mirum
1661 2105 1705 2149 in

428 2171 618 2223 modum
651 2173 809 2224 auxit;
839 2189 885 2219 ea
921 2187 1067 2219 tamen
1100 2173 1228 2238 lege,
1250 2189 1300 2220 ut
1335 2177 1587 2236 Generum,
1613 2188 1711 2233 quae

425 2246 514 2305 jam
550 2255 672 2286 antea
708 2253 866 2286 statuta
903 2214 1168 2287 obtinebant
1182 2276 1195 2295 ,
1231 2239 1413 2288 nomina
1448 2239 1673 2286 retinuerit
1694 2269 1707 2291 ‚

427 2324 475 2356 et
507 2308 749 2373 specierum
799 2306 1013 2354 vocabula
1066 2306 1248 2354 trivialia
1297 2321 1443 2354 sancte
1496 2307 1706 2353 servarit.

428 2377 570 2440 Ipsius
608 2390 793 2437 systema
827 2372 1005 2439 reliquis
1042 2373 1234 2439 praetulit
1268 2374 1495 2440 palmam,
1528 2388 1571 2419 et
1607 2388 1709 2418 vota

430 2443 736 2492 recentiorum
765 2439 851 2489 fere
886 2445 1092 2492 omnium
1128 2442 1208 2489 sibi
1245 2442 1548 2506 comparavit.
1586 2440 1710 2495 Quid

431 2509 572 2564 nobis
596 2511 644 2561 in
681 2525 800 2558 tanta
833 2526 1123 2573 systematum
1153 2509 1402 2559 discordia.
1397 2515 1413 2543 Ρ
1452 2513 1603 2556 Fateor
1628 2523 1711 2622 1me

1647 2591 1711 2621 111-
