1813 2974
1281 208 1367 264 651

195 502 882 585 CLASSIS
1008 503 1229 587 VIII·

420 655 1027 746 ANTMATA.

209 817 235 862 S
283 813 538 862 haustelloz
599 815 757 880 vagina
812 811 1086 861 inarticulata
1123 832 1144 867 ;
1196 813 1361 881 absque

240 882 503 931 mandibulis
536 883 809 947 maxillisque
829 916 841 930 .
1064 924 1067 925 γ
1098 926 1102 929 ,

76 953 348 999 Haustellum
384 951 644 1015 plerumque
676 964 894 998 exsertum
916 984 929 1003 ,
967 948 1222 1011 vaginatum
1244 985 1257 1005 ,
1289 967 1361 1014 cy-

140 1015 409 1074 lindricum,
445 1021 559 1067 intra
592 1016 753 1066 rimam
788 1018 878 1064 oris
896 1013 1264 1081 longitudinalem
1285 1019 1361 1066 in-

134 1100 332 1137 sertum.
1197 1130 1206 1139 ,

216 1151 386 1217 Vagina
421 1153 465 1199 in
501 1152 766 1216 quibusdam
804 1145 1051 1211 univalvis,
1085 1149 1130 1195 in
1164 1148 1259 1196 aliis
1292 1149 1359 1196 bi-

277 1220 412 1267 valvis
452 1236 560 1269 setas
594 1219 822 1268 includens
863 1251 877 1273 ,
913 1231 1040 1264 acuta
1077 1246 1090 1270 ‚
1141 1215 1258 1264 haud
1293 1235 1358 1264 ar-

276 1286 456 1335 'ticulata
483 1323 494 1336 .
792 1280 807 1286 ’ἣ

208 1359 332 1401 Setae
368 1354 521 1418 saepi'us
557 1369 641 1401 tres
680 1384 691 1402 η
727 1365 899 1400 setaceae
935 1371 955 1407 ,·
1009 1366 1147 1399 acutae
1185 1383 1198 1406 ‚
1250 1351 1355 1400 inae,-

275 1421 458 1485 quales;
496 1419 754 1468 intermedia
793 1419 940 1485 paullo
977 1419 1182 1483 longiore
1206 1456 1216 1467 .

70 1484 286 1535 Probas-cis
319 1490 363 1534 in
401 1488 666 1553 quibusdam
718 1487 870 1534 brevis
904 1522 922 1542 ,
973 1485 1302 1534 membranacea
1339 1519 1352 1539 ,

137 1556 282 1619 stipite
317 1555 560 1617 cylindrico
583 1591 596 1610 ,
636 1554 840 1602 retractili
864 1590 878 1609 ‚
913 1553 1048 1601 dorso
1084 1552 1350 1601 canalicula-

133 1636 182 1666 to
207 1657 220 1676 ,
257 1622 450 1684 capitulo
485 1622 691 1679 bilabiato
731 1619 812 1668 sub
847 1621 1060 1668 haustello
1096 1622 1254 1665 inserta
1276 1656 1286 1666 .

66 1687 196 1754 Palpi
229 1689 450 1735 interdum
488 1690 582 1736 duo
622 1689 676 1735 ad
711 1687 836 1734 basin
872 1687 1152 1748 proboscidis
1187 1687 1349 1733 inserti.

52 1760 297 1804 *Antennae
333 1754 483 1804 breves
507 1792 521 1812 ‚
556 1755 820 1821 plerumque
857 1754 1107 1818 cylindri-cae
1146 1786 1158 1808 ‚
1195 1756 1350 1818 saepius
1380 1760 1384 1763 ’

137 1837 223 1868 seta
259 1838 447 1870 armatae
469 1860 480 1872 .
609 1864 616 1869 .

67 1888 307 1937 character
340 1888 577 1937 essentialis
610 1888 742 1951 hujus
777 1889 936 1937 Classis
954 1886 1154 1935 consistit
1174 1888 1219 1934 in
1240 1885 1349 1934 hau-

133 1955 242 2003 stelli
278 1960 511 2019 praesentia
545 1992 561 2012 ,
601 1957 728 2021 quod
771 1959 816 2003 in
851 1954 1070 2018 aliquibus
1108 1954 1350 2001 Generibus

134 2041 239 2070 cum
275 2022 540 2086 proboscide
574 2041 624 2070 os
660 2025 896 2070 constituit
934 2042 960 2076 ,··
1004 2026 1051 2069 in
1105 2021 1197 2069 aliis
1246 2038 1351 2069 vero

131 2089 279 2138 solum
327 2093 469 2139 existit
504 2129 513 2138 .
568 2087 712 2150 Hujus
747 2091 907 2138 Classis
944 2094 1113 2138 Insecta
1145 2106 1249 2137 sunt
1283 2089 1353 2135 di·

139 2173 258 2220 ptera
279 2194 292 2214 ,
314 2173 358 2205 et
389 2152 494 2206 loco
515 2156 682 2205 alarum
701 2159 973 2222 posticarum
995 2155 1227 2205 haltetibus
1248 2174 1353 2205 mu-

140 2225 232 2271 nita
265 2224 584 2275 observantur,

682 2495 710 2541 S
746 2511 765 2541 s
837 2511 861 2540 2
1241 2508 1343 2549 ¹75·
