1813 2974
388 231 484 277 442
657 213 829 266 CLAS.
863 220 947 266 VI,
986 218 1155 267 GLOS.
1191 221 1390 287 Papilf0:

660 335 770 390 146.
795 332 1037 378 PAPILIO
1074 331 1666 405 Linn.Ge0ffi·.Degeer.Fabr.

379 427 512 496 Palpi
536 427 637 505 ‘duo
673 428 890 498 aequales3
928 428 1056 495 pilosi
1094 464 1107 484 ,
1157 431 1340 492 reflexi,
1377 437 1458 484 sub
1490 458 1566 488 ore
1601 444 1667 490 in-

445 512 546 546 serti
570 531 583 546 .

380 561 560 628 Lingua
597 563 764 629 spiralis
788 600 801 620 ‚
839 581 1068 628 porrecta,
1105 564 1337 630 elongata,
1376 589 1565 626 cornea,
1599 575 1670 622 in..

448 630 601 679 voluta
625 667 638 686 ‚
675 631 805 681 bifida
826 666 842 684 ,
882 634 994 679 inter
1031 632 1183 698 palpos
1217 635 1354 682 latens
1375 673 1384 682 .

383 699 554 769 clypeus
590 698 760 754 brevis,
797 715 1013 753 corneus,
1051 718 1238 767 rugosus
1263 738 1277 757 ,
1332 706 1400 750 vix
1433 702 1555 752 basin
1589 703 1668 752 lin-

448 783 545 830 guae
580 780 731 831 tegens
756 802 767 817 .

375 832 609 883 ¹Antemnae
644 833 856 901 elongatae
876 870 890 890 ,
928 831 1323 892 multiarticulatae,
1354 835 1667 888 clavataetcla-

446 917 500 947 va
537 901 722 963 capitata
742 938 756 956 ,
793 916 921 952 ovata
945 936 958 955 ,
994 900 1150 950 obtusa
1171 938 1182 950 .

378 971 534 1017 Larva
568 968 856 1032 XVI-poda,
891 967 1015 1031 agilis
1037 998 1050 1020 ‚
1097 986 1276 1016 currens
1298 1003 1314 1022 ,
1374 971 1509 1033 spinis
1544 988 1667 1017 com-

447 1035 600 1099 positis
634 1037 788 1101 saepius
822 1050 1022 1091 armata,
1071 1036 1294 1085 interdum
1330 1037 1447 1084 nuda
1468 1071 1482 1090 ,
1518 1054 1662 1085 tenta·

449 1101 592 1151 culata
615 1137 627 1152 .

377 1172 501 1237 Papa
538 1170 656 1218 nuda
679 1206 692 1225 ‚
727 1169 953 1233 quiescens
975 1203 990 1225 ,
1012 1168 1016 1173 ’
1037 1166 1298 1232 plerumque
1343 1169 1514 1217 nodosa
1533 1187 1550 1221 ;
1587 1169 1664 1215 in-

447 1238 622 1286 terdum
673 1235 753 1284 filis
803 1238 972 1300 apicis,
1022 1237 1246 1286 interdurn
1297 1235 1379 1287 filis
1429 1238 1475 1284 in
1512 1237 1660 1283 medio

450 1304 648 1368 adligatis
682 1304 904 1353 adhaerens
927 1340 937 1349 .

380 1377 534 1421 Larvae
570 1373 711 1419 victus
745 1390 769 1419 e
805 1369 918 1417 foliis
956 1368 1204 1433 plantarum
1237 1389 1248 1417 z
1298 1371 1501 1434 imaginis
1534 1386 1556 1414 e
1595 1385 1672 1416 ne-

448 1453 564 1486 ctare
598 1437 800 1492 florum‚
837 1455 1060 1501 succoque
1096 1438 1332 1485 exsudante
1368 1438 1579 1483 arborum
1601 1471 1612 1484 .

381 1508 487 1555 Hoc
521 1510 670 1554 Genus
705 1503 908 1554 facillime
957 1522 979 1551 a
1013 1505 1333 1569 congeneribus
1384 1504 1671 1568 distinguitur

448 1587 740 1623 antennarum
775 1572 1049 1626 charactere,
1070 1573 1272 1635 quamvis
1307 1569 1533 1618 nonnullae
1569 1585 1674 1632 spe—

449 1640 537 1686 cies
573 1639 692 1687 clava
742 1653 1034 1686 antennarum
1083 1638 1414 1690 destituantur5
1458 1651 1502 1682 et
1555 1636 1670 1692 alis,

453 1706 564 1755 dum
597 1707 783 1771 quiescit
817 1706 965 1769 imago
990 1738 1001 1756 ‚
1039 1721 1213 1751 sursum
1247 1706 1399 1752 erectis
1420 1739 1431 1751 .

385 1772 631 1835 Papiliones
677 1789 727 1822 ut
775 1772 1013 1821 commode
1063 1771 1274 1836 distingui
1329 1771 1502 1837 possint
1536 1770 1585 1816 in
1622 1772 1668 1819 6.

455 1839 691 1906 Phalanges
727 1839 986 1888 dividuntur
1006 1872 1020 1889 .

394 1922 435 1954 1.
473 1907 655 1971 Equites
686 1907 761 1955 alis
794 1908 946 1954 anticis
980 1905 1034 1952 ab
1067 1903 1232 1970 angulo
1267 1907 1440 1968 postico
1493 1902 1546 1948 ad
1582 1903 1673 1964 api·

456 1992 553 2021 cern
588 1972 864 2039 longioribus
892 2009 904 2027 ,
940 1990 1077 2037 quam
1113 1973 1167 2020 ad
1203 1970 1323 2021 basin
1345 2007 1356 2019 .
1410 1976 1462 2018 In
1491 1969 1564 2018 his
1599 1985 1678 2015 sat-

458 2060 512 2107 pe
549 2044 762 2089 Antennae
801 2037 1026 2088 filiformes
1063 2054 1192 2087 sunt,

455 2134 587 2146 ——--
632 2110 755 2155 Troes
789 2108 842 2154 ad
881 2121 1030 2168 pectus
1064 2105 1246 2155 maculis
1281 2101 1527 2169 sanguineis
1566 2105 1681 2163 (sae-

657 2175 754 2238 pius
790 2175 902 2236 nigri
941 2176 991 2230 ).

453 2267 586 2283 ...μ-..-
620 2239 795 2291 Achivi
831 2255 1006 2305 pectore
1038 2240 1272 2288 incruento
1294 2274 1308 2294 ,
1329 2236 1471 2286 ocello
1503 2235 1559 2284 ad
1600 2252 1676 2284 an·

659 2307 814 2373 gulam
849 2308 918 2353 ani
941 2342 952 2354 .

396 2392 442 2424 2.
475 2373 698 2424 Heliconii
751 2373 826 2420 alis
877 2374 1072 2439 angustis
1136 2373 1423 2439 integerrimis
1456 2404 1470 2424 ,
1521 2371 1676 2418 anticis

463 2442 668 2509 oblongis
689 2477 698 2489 .

1481 2523 1522 2565 5.
1560 2508 1673 2551 Par-
