1813 2974
486 297 571 341 ¹32
796 282 963 332 CLAS.
1002 282 1038 329 ῐ.
1073 282 1277 330 ELEUT
1310 286 1517 338 Lucanus

546 365 759 412 dentatis.
801 366 933 422 Mull.
969 365 1097 425 Zool.
1130 366 1230 414 dan.
1263 369 1413 428 prodr.
1450 386 1563 427 444.

477 433 720 499 Plasycerm
755 431 900 480 fuscus
923 470 936 489 ,
971 434 1117 497 elytris
1172 432 1348 480 laevibus
1381 469 1400 487 ,
1455 437 1593 499 capite
1626 433 1762 486 laevi:

549 501 706 559 Geoffl.
744 506 828 548 Ins.
870 519 907 549 Ι.
947 519 986 564 ρ.
1030 507 1104 548 62.
1145 518 1192 549 2.

474 567 527 609 In
557 567 721 612 truncis
739 571 1019 630 antiquatum
1042 568 1324 614 fraxinorum
1345 566 1504 631 passim
1534 570 1728 618 occurrit-
1746 606 1758 618 .

469 634 574 678 ,Haec
619 633 813 680 Varietas
844 633 1019 680 habetur
1050 651 1126 701 pro
1149 633 1319 695 femina
1354 632 1528 681 Lucani
1567 635 1692 680 Cervi
1725 653 1754 681 a

528 698 738 766 plerisque
772 701 1056 766 Emomologis
1076 736 1089 752 ‚
1133 701 1220 764 fide
1267 700 1493 768 prasertim
1546 700 1750 749 Roeselii.

535 769 623 813 Sed
653 767 884 813 auctoritas
927 766 1112 836 Geoffroy
1132 804 1142 822 ‚
1163 766 1239 831 qui
1271 783 1428 835 semper
1463 769 1574 813 inter
1606 785 1648 814 se
1683 787 1755 814 co-

524 835 677 898 pulata
710 832 826 881 vidit
859 835 938 882 haec
974 834 1211 882 lndividua
1246 867 1257 884 ‚
1307 851 1349 882 et
1399 851 1620 897 nunquam
1653 851 1753 881 cum

529 905 708 947 Lucano
749 907 877 947 Cerva
914 937 929 956 ,
982 902 1069 949 imo
1103 900 1285 968 corporis
1335 916 1550 948 structura
1601 898 1752 948 diver-

525 984 616 1012 sam
647 968 826 1034 speciem
861 987 941 1015 esse
977 970 1224 1029 confirmant
1244 1003 1256 1017 .
1312 974 1363 1016 In
1396 969 1476 1014 hac
1511 965 1624 1014 enim
1659 983 1753 1034 spe.-

525 1033 592 1078 cie
625 1036 780 1080 thorax
811 1037 948 1102 capite
983 1035 1111 1081 latior
1141 1069 1154 1087 ‚
1203 1052 1244 1082 et
1275 1052 1504 1089 ,convexus
1539 1051 1620 1080 non
1654 1052 1753 1081 vero

523 1100 734 1165 depressus
766 1117 806 1147 et
839 1099 1057 1166 angustior
1090 1100 1348 1168 inspicimr5
1383 1115 1434 1146 ut
1467 1100 1515 1146 in
1549 1105 1605 1147 L.
1645 1107 1749 1147 Cer·

524 1184 577 1211 vo
597 1203 608 1214 .
647 1167 915 1214 Mandibulae
943 1167 1093 1221 ‚breves
1114 1203 1128 1223 ,
1157 1169 1309 1235 forma·
1335 1165 1524 1237 capitis,
1576 1164 1748 1231 aliaque

523 1235 587 1279 Cl.
623 1233 813 1289 Mulleri
848 1233 1098 1281 sentenciam
1131 1248 1328 1282 statuunt
1344 1268 1356 1280 .
1651 1290 1654 1291 ⁷

175 1303 424 1368 Capreolus,
454 1312 499 1347 z.
535 1300 738 1358 Lucanus
772 1300 1035 1348 mandibulis
1068 1303 1241 1349 exsertis
1292 1301 1414 1365 apice
1465 1314 1638 1348 tantum
1673 1298 1744 1347 bi-

517 1363 733 1423 furcatis,
783 1367 897 1415 labio
948 1385 1056 1432 ruga
1110 1383 1352 1425 transversa
1399 1365 1562 1414 elevata
1612 1367 1746 1414 inter-

515 1450 644 1495 rupta
683 1471 695 1483 .
747 1435 870 1484 Fabr.
906 1442 979 1502 Sp.
1030 1439 1114 1483 Ins.
1170 1452 1210 1485 1.
1242 1453 1287 1500 p.
1333 1452 1380 1483 2..
1431 1433 1614 1503 specim.
1654 1437 1740 1483 Ins.

523 1499 688 1550 Calabr.
729 1521 771 1550 ι.
1252 1504 1255 1507 ¹

446 1570 653 1615 Lucanus
693 1571 912 1635 Capreolus
945 1569 1195 1617 scutellatus
1233 1605 1247 1624 ,
1304 1566 1486 1616 maxillis
1521 1565 1695 1614 exsertis
1718 1600 1735 1621 ,

511 1636 632 1696 apice
667 1649 839 1686 tantum
873 1636 1050 1683 furcatis
1071 1672 1082 1684 .
1137 1636 1272 1684 Linn.
1306 1644 1414 1706 ὀψε.
1452 1639 1565 1683 Nat.
1601 1651 1648 1683 2.
1687 1650 1735 1699 p.

510 1705 621 1758 560.
657 1706 831 1752 Sulzers
864 1709 950 1750 Ins.
984 1701 1070 1752 tab.
1106 1707 1150 1750 6.
1187 1701 1262 1769 fig.
1300 1720 1341 1752 1.

442 1768 653 1815 Inventus
686 1769 733 1815 in
768 1767 980 1816 Ulteriori
1015 1769 1215 1818 Calabria
1235 1807 1246 1819 .

153 1838 333 1889 Dama,
445 1848 488 1891 3.
525 1835 730 1882 Lucanus
782 1835 1047 1884 mandibulis
1098 1838 1272 1884 exsertiS
1324 1836 1444 1884 intus
1494 1833 1726 1885 bidentatis

508 1898 786 1966 longitudine
803 1904 971 1965 Capitis
1008 1940 1020 1955 .
1057 1904 1182 1953 Fabr.
1216 1912 1287 1972 Sp.
1326 1908 1411 1951 Ins.
1456 1921 1494 1951 1.
1538 1921 1580 1966 p.
1622 1921 1668 1950 2.

437 1972 647 2016 Lucanus
685 1973 903 2037 Capreolus
937 1976 978 2020 ,8.
1011 1969 1146 2019 Linn.
1184 1977 1311 2018 Mus.
1351 1971 1469 2016 Lud.
1507 1972 1608 2016 vlr.
1652 1987 1730 2029 30.

439 2036 707 2083 Communis
740 2037 859 2099 apud
894 2054 1008 2092 nos,
1045 2040 1097 2086 L.
1136 2035 1356 2101 Capreolo
1393 2034 1658 2091 simillimus,
1691 2052 1734 2084 et

507 2099 637 2148 forte
656 2102 770 2148 illius
804 2101 981 2148 femina*
1002 2119 1051 2147 ex
1088 2104 1254 2150 Linnaei
1290 2102 1531 2151 sententia.

149 2169 371 2234 parallele-
441 2183 489 2225 4.
529 2169 731 2216 Lucanus
767 2167 1031 2214 mandibulis
1070 2168 1197 2215 dente
1233 2168 1396 2215 laterali
1421 2169 1607 2226 elevato,
1632 2187 1733 2218 cor-

151 2235 358 2302 pipedus.
506 2249 615 2296 pore
652 2236 859 2298 depresso
883 2269 894 2283 .
929 2235 1051 2283 Fabr.
1092 2243 1165 2302 Sp.
1202 2240 1290 2283 Ins.
1352 2251 1393 2286 ι.
1426 2252 1470 2300 p.
1509 2252 1555 2284 2.
1591 2236 1728 2286 Linn.

510 2307 621 2366 Syst.
656 2307 767 2349 Nat.
810 2320 854 2349 2.
894 2320 935 2365 p.
974 2306 1081 2360 561.
1122 2307 1166 2350 6.

439 2369 681 2434 Platycerus
717 2371 868 2432 niger,
907 2368 1054 2431 elytris
1089 2367 1265 2416 laevibus
1304 2404 1318 2423 ‚
1369 2368 1520 2432 capitis
1554 2384 1725 2432 puncto

504 2435 670 2499 duplici
705 2436 1013 2499 prominente.
1057 2438 1214 2496 Geoffi.
1250 2441 1337 2484 Ins.
1381 2455 1421 2484 1.
1453 2453 1499 2499 p.
1558 2444 1634 2484 62.
1677 2454 1723 2495 3.

637 2507 799 2569 Degeer
836 2508 920 2554 Ins.
954 2522 1002 2563 4.
1036 2501 1124 2551 tab.
1164 2520 1240 2553 12.
1266 2500 1354 2567 fig.
1394 2520 1439 2562 9.

1619 2576 1727 2639 Spe-
