1813 2974
308 244 476 295 CLAS.
513 245 552 292 1.
588 243 804 292 ELEUT.
838 238 1124 293 Ce'rocomass
1262 255 1354 303 295

160 347 216 380 mc
249 329 369 397 apice
402 329 638 377 incrassata
672 326 974 391 monilisormes
1015 364 1027 376 .
1071 328 1223 395 Elyera
1256 329 1359 387 rufa

153 416 195 447 et
220 401 313 460 fere
345 397 578 462 sanguinea
607 432 624 453 ,
677 399 848 443 macula
883 394 1007 461 nigra
1042 395 1100 440 ad
1133 409 1358 440 externum

149 464 385 532 marginem
420 467 554 514 baseos
573 497 589 517 ,
628 465 762 512 altera
797 463 856 508 ad
888 477 1083 508 suturam
1100 458 1354 515 communis,

147 550 234 597 qux
286 531 372 578 coit
423 550 521 579 cum
572 528 686 577 linea
735 526 862 592 nigra
894 546 921 574 a
956 530 1048 576 sede
1079 527 1244 575 scutelli
1280 528 1358 573 de-

144 600 360 647 scendente
395 619 410 644 :
462 597 509 645 in
543 595 678 644 medio
713 593 843 642 tertia
878 597 1049 641 macula
1084 592 1318 640 communis
1338 614 1355 640 .-

145 685 253 736 apex
287 665 544 713 terminatur
566 662 713 726 fascia
744 663 887 730 ampla
922 662 1123 709 sinuata.
1165 659 1356 726 Magni-

150 736 252 782 tudo
286 734 401 799 Myl.
444 730 664 780 Cichorei.

85 806 128 850 6.
163 798 375 863 Mylabris
410 801 534 864 nigra
556 833 570 853 ,
603 794 840 859 coleoptris
873 790 998 841 flavis
1018 829 1033 850 ‚
1066 793 1199 842 fascia
1234 812 1353 858 pun-

148 882 312 929 ctoque
348 867 580 914 communi
613 864 777 911 fuscis.
814 860 934 908 Fabr.
955 869 1028 928 Sp.
1050 866 1136 910 ins.
1162 879 1358 925 ¹·P·53¹-

83 934 267 982 Habitat
300 935 348 980 in
382 936 569 980 Oriente
590 963 603 983 ,
636 947 679 978 et
717 933 765 978 in
799 944 956 976 nostro
995 931 1155 993 Regno
1176 967 1186 977 .

78 1007 260 1049 Statura
308 997 627 1068 praecedentium
669 1019 683 1044 :
738 1013 778 1044 et
832 994 1083 1061 magnitudo
1129 996 1273 1043 eadem
1308 994 1357 1042 in

144 1064 299 1115 nostris
337 1104 348 1115 .
401 1069 556 1130 Elytra
601 1066 728 1131 flava
765 1098 777 1117 ,
832 1064 1004 1110 macula
1057 1063 1274 1111 communi
1307 1062 1356 1110 in

142 1134 280 1182 medio
301 1169 316 1189 ,
349 1150 389 1180 et
413 1133 561 1196 fascia
593 1132 757 1200 postica
793 1147 891 1178 ante
925 1130 1090 1197 apicem
1111 1131 1257 1192 fuscis
1274 1170 1285 1182 .

83 1221 131 1262 7.
168 1200 381 1264 Mylabris
415 1217 507 1248 atra
543 1200 655 1248 hirta
685 1234 700 1255 ,
749 1199 897 1262 elytris
915 1196 1039 1246 flavis
1072 1200 1250 1264 punctis
1285 1218 1357 1250 sex

147 1270 311 1335 nigris.
347 1266 495 1316 Nobis
515 1305 526 1316 .

85 1339 122 1384 E
159 1337 350 1384 Lucania
384 1334 530 1383 attulit
562 1333 759 1400 Raphael
794 1334 850 1382 de
885 1332 1090 1385 Andrea.

69 1409 194 1452 Forte
226 1403 370 1450 eadem
403 1421 504 1449 cum
542 1418 825 1470 12-pnnctatae
863 1400 1011 1473 Cyrilt'i
1046 1437 1062 1457 ,
1115 1419 1246 1466 quam
1280 1405 1355 1451 de-

135 1471 269 1518 lineat
303 1469 351 1516 in
386 1477 506 1538 Spec.
542 1475 713 1518 Entom.
751 1475 898 1535 Neap.
941 1467 1027 1515 tab.
1052 1486 1096 1528 5.
1133 1469 1209 1535 fig.
1245 1470 1291 1518 8.
1329 1478 1354 1518 ?

67 1541 237 1586 Nostra
271 1535 397 1604 triplo
432 1536 572 1584 minor
605 1540 702 1606 myl.
736 1534 920 1584 ciclsorei
957 1569 971 1583 .
1006 1541 1215 1584 Antennae
1249 1555 1352 1584 ver-

131 1623 202 1651 sus
235 1601 398 1671 apicem
431 1603 650 1651 crassiores
671 1641 682 1651 .
723 1611 878 1672 Corpus
913 1618 1060 1651 atrum
1099 1640 1114 1660 ,
1150 1603 1317 1650 hirtum
1335 1640 1349 1653 .

130 1673 285 1738 ,Elytra
309 1671 437 1733 flava
489 1704 503 1726 ,
537 1688 618 1717 non
652 1689 751 1718 vero
801 1687 984 1719 testacea
1023 1689 1035 1719 :
1088 1669 1263 1740 punctis
1298 1670 1349 1719 in

132 1736 311 1804 singulis
350 1755 426 1785 sex
457 1753 532 1806 per
568 1736 699 1805 paria
732 1736 977 1786 distributis
998 1770 1011 1785 .

340 1873 418 1932 84.
448 1873 808 1923 CEROCOMA
840 1869 1003 1934 *Geoffin
1035 1869 1164 1921 Fabr.

455 1939 626 1987 Meloes
662 1947 735 2007 Sp.
774 1937 910 1988 Linn.

71 2004 202 2074 Palpi
236 2021 432 2068 quatuor
464 2005 652 2071 aequales
682 2041 697 2062 ‚
735 2003 992 2055 filiformes:

205 2073 434 2122 anteriores
465 2072 646 2121 maxillae
675 2073 813 2121 dorso
833 2093 847 2122 ε

216 2141 463 2207 posteriores
495 2141 598 2188 labii
630 2140 780 2187 medio
813 2138 975 2187 laterali
1010 2140 1313 2190 adhaerentes:

75 2206 350 2258 'Mandibula
383 2225 542 2257 cornea
565 2243 581 2264 ,
616 2222 818 2270 porrecta
839 2242 854 2262 ,
887 2222 1095 2259 arcuata.

78 2273 281 2322 Maxilla
301 2273 557 2335 cylindrica,
577 2273 767 2330 linearis,
787 2273 1136 2332 membranacea,
1159 2279 1344 2342 integra.

76 2340 269 2390 Labium
302 2341 684 2392 membranaceum
705 2372 718 2395 ‚
754 2340 1012 2406 elongatum
1035 2379 1049 2399 ,
1085 2342 1270 2392 bifidum
1306 2380 1319 2391 .

78 2412 287 2456 Antennae
321 2408 645 2458 moniliformes
668 2445 683 2464 ,
718 2410 974 2477 irregulares
1010 2445 1028 2468 ,
1059 2411 1247 2461 articulo
1281 2410 1352 2461 ul-

143 2476 254 2524 timo
288 2478 446 2540 maJmi
480 2511 498 2534 ,
530 2479 699 2529 clavato
722 2513 732 2524 .

678 2546 724 2611 .T
789 2559 822 2601 4
1112 2578 1161 2599 „r
1296 2551 1350 2596 In

1098 2605 1148 2619 ..Uv—

1406 789 1561 840 trimas

1406 862 1551 909 calata
1572 895 1583 909 .

1416 1207 1432 1236 1
1445 1208 1605 1261 2—pun-

1406 1275 1524 1308 ctata
1545 1298 1557 1310 .
