1813 2974
418 283 480 326 42
653 269 748 314 DF.
799 265 1432 321 DISPOSITIONE

558 349 743 400 Nomen
797 353 1046 401 Inventoris
1079 355 1124 401 in
1156 352 1398 403 differentia
1434 373 1527 402 non
1563 354 1691 405 adhi-

421 411 616 463 bendum
638 453 652 472 ‚
691 417 764 465 sed
797 418 851 466 ad
887 420 1019 468 finem
1034 421 1339 485 descriptionis
1362 424 1695 486 apponendum.

553 484 700 532 Locus
752 486 904 534 natalis
956 488 1000 535 in
1052 487 1137 534 fine
1186 505 1541 552 synonymorum
1590 491 1695 540 addi

415 547 574 604 debet,
612 569 713 600 nam
747 553 802 600 ad
837 552 1126 602 differentiam
1160 572 1254 602 non
1291 558 1476 619 pertinet
1498 592 1510 605 .

551 616 677 668 Falsae
714 636 817 668 sunt
851 618 1101 668 differentia:
1136 620 1189 668 ab
1225 621 1435 670 alimento
1457 659 1473 679 ,
1508 639 1534 672 a
1568 624 1685 680 solo,

414 697 490 731 aut
526 681 774 749 frequentia
809 688 1050 752 desumptae
1075 725 1086 735 .

549 752 813 802 Differentiae
862 774 886 802 a
937 755 1055 802 larva
1089 770 1132 802 et
1169 770 1285 818 pupa
1321 771 1415 802 non
1451 756 1699 805 admitten-

410 818 509 876 dae,
547 839 691 887 quum
728 822 880 872 locum
914 821 1101 871 habeant
1116 822 1433 870 tautummodo
1469 826 1516 871 in
1537 825 1703 874 descri-

409 889 591 951 ptione.
1160 933 1161 936 ,

546 958 743 1021 Tempus
778 962 1057 1006 Insectorum
1094 955 1155 1004 nil
1193 955 1339 1012 valet3
1374 975 1520 1022 quum
1539 977 1697 1010 eorum

407 1022 610 1069 nativitas
660 1027 845 1087 pendeat
897 1023 951 1072 ab
1003 1027 1112 1074 aeris
1160 1026 1368 1090 temperie
1421 1027 1468 1074 in
1515 1027 1697 1077 diversis

407 1085 687 1155 Regionibus
724 1093 841 1140 varia
866 1130 878 1142 .

543 1155 676 1205 Odor
711 1176 960 1222 numquam
993 1156 1282 1206 differentiam
1329 1160 1483 1208 statuit
1518 1180 1532 1216 ς
1584 1161 1692 1211 hinc

404 1237 598 1270 erroneae
631 1222 881 1273 differentiae
916 1226 970 1273 ab
1013 1227 1151 1274 odore
1185 1225 1431 1291 desumptae
1460 1262 1473 1276 .

538 1291 683 1340 Color
721 1293 1037 1342 tantummbdo
1089 1292 1402 1341 deficientibus·
1440 1293 1533 1344 aiiis
1572 1299 1692 1347 notis

405 1358 450 1405 in
484 1353 724 1407 differentia
760 1360 954 1409 adhiberi
992 1376 1136 1426 potest
1180 1391 1192 1413 ‚
1224 1361 1394 1408 etiamsi
1439 1366 1605 1411 mirum
1641 1366 1690 1414 in

404 1424 594 1472 modum
631 1429 767 1475 variet
802 1431 850 1478 in
883 1429 1043 1477 eodem
1078 1432 1252 1476 Insecto
1293 1463 1310 1485 ,
1368 1443 1502 1495 atque
1536 1433 1584 1478 in
1619 1431 1689 1481 di-

401 1508 532 1539 verso
568 1510 697 1543 sexu.

534 1560 794 1609 Differentia
837 1569 1080 1627 utrumque
1117 1576 1266 1609 sexum
1307 1561 1518 1627 respicere
1537 1564 1680 1615 debet.

534 1628 819 1676 Pubescentia
853 1665 868 1685 ,
920 1631 985 1677 uti
1036 1628 1171 1694 spinae
1208 1645 1252 1677 et
1285 1629 1485 1679 hirsuties
1522 1668 1537 1688 ,
1571 1651 1683 1699 saepe

398 1711 519 1762 aptas
554 1693 819 1742 differentias
853 1693 1005 1746 offert.

532 1766 751 1810 Antennae
773 1799 787 1819 ,
825 1764 974 1828 Caput
998 1799 1010 1817 ,
1045 1761 1302 1812 Oculorum
1339 1766 1447 1812 situs
1483 1802 1499 1823 ,
1551 1767 1684 1815 Tho-

396 1848 470 1877 rax
492 1866 506 1885 ,
545 1828 787 1879 Abdomen
809 1861 822 1887 ‚
853 1846 896 1878 et
933 1834 1060 1878 Anus
1095 1833 1288 1895 optimas
1323 1833 1528 1882 exhibent
1561 1833 1686 1883 diffe-

395 1900 585 1947 tentias.

527 1968 736 2015 Sternum
788 1979 1006 2014 exsertum
1045 2000 1058 2018 ‚
1100 1981 1143 2014 et
1179 1969 1375 2014 Pectines
1410 1967 1455 2015 in
1490 1968 1678 2033 quibus-

396 2032 498 2080 dam
536 2034 780 2082 Generibus
817 2037 982 2098 proprii
1020 2050 1142 2080 vetas
1176 2032 1441 2081 differentias
1463 2036 1671 2100 ptaebent.

511 2100 769 2156 *scutellum
806 2104 955 2164 magni
990 2100 1243 2148 faciendum
1280 2104 1323 2146 iu
1363 2099 1602 2151 differentia
1624 2140 1637 2153 .

528 2167 623 2216 Alae
657 2168 996 2234 elegantissimas
1031 2165 1226 2214 offerunt
1264 2167 1527 2217 differentias
1548 2207 1559 2219 .

527 2233 815 2283 Differentiae-
849 2254 873 2282 a
918 2234 1055 2283 cauda
1090 2237 1230 2297 petitae
1266 2239 1419 2299 saepius
1456 2237 1689 2288 naturaies'

390 2302 596 2352 suntzab
624 2303 780 2353 acuieo
821 2321 932 2351 vero
967 2301 1027 2349 nil
1064 2318 1269 2367 praestant
1303 2340 1318 2360 ‚
1356 2321 1499 2368 quum
1536 2319 1676 2354 mares

392 2369 661 2436 plerumque
696 2371 871 2419 nullum
905 2369 1058 2438 gerant
1082 2408 1091 2417 .

477 2456 483 2458 ·
526 2440 661 2487 Pedes
695 2439 934 2488 commode
971 2441 1017 2486 in
1071 2435 1327 2486 differentiis
1379 2437 1675 2488 adhibentur.

389 2506 461 2554 Sat
493 2508 575 2557 etit
608 2508 964 2559 animadvertisse
998 2509 1045 2556 in
1082 2504 1349 2572 quibusdam
1385 2510 1564 2555 Insectis
1600 2524 1676 2569 pe-

1598 2573 1675 2622 des
