1813 2974
368 196 435 232 lv

356 288 465 346 lem
508 284 812 346 thalamum
855 284 958 345 sibi
1001 279 1326 363 comparet,
1379 303 1638 363 suamque

354 404 498 461 saepe
540 396 721 439 totam
764 385 1037 460 transigat
1080 385 1296 443 vitam.
1339 384 1502 456 Quod
1545 404 1630 443 sa-

348 503 416 540 ne
459 480 714 562 quamvis
739 483 1064 560 Philosophi
1105 485 1489 544 curiositatem
1532 503 1627 559 pa-

345 578 535 654 scere,
578 596 635 638 et
678 600 744 638 eo
787 580 968 637 redire
1011 582 1313 655 videatur,
1353 599 1415 641 ut
1460 583 1628 640 steri-

339 674 448 733 lem
489 676 818 754 quamdam,
882 695 940 736 et
983 678 1031 737 si
1073 679 1250 737 mavis
1290 678 1622 753 jucundam,

337 773 685 835 Insectorum
725 775 1096 854 cognitionem
1151 777 1336 855 pariat
1370 821 1388 851 ‚
1430 775 1626 853 procul

337 886 524 929 tamen
565 873 734 933 dubio
773 874 864 932 ubi
908 876 1154 950 ipsorum
1196 889 1451 933 naturam
1499 891 1628 949 per-

338 989 586 1050 spectam
638 975 890 1033 habueris
925 1022 940 1047 ‚
998 973 1235 1051 plurima
1290 973 1412 1032 inde
1466 970 1628 1031 colli-

335 1092 475 1149 ges,
541 1075 777 1150 quae'in
840 1074 924 1132 tui
978 1072 1289 1131 utilitatem
1351 1070 1623 1131 redunda-

332 1171 507 1230 bunt.
553 1173 609 1229 Si
651 1173 798 1230 enim
841 1172 1061 1228 Insecta
1103 1189 1136 1226 a
1178 1188 1388 1228 summo
1432 1187 1620 1227 rerum

328 1267 546 1343 Opifice
609 1288 718 1327 non
778 1270 863 1327 ita
903 1270 1071 1328 fuisse
1127 1268 1349 1326 condita
1403 1270 1619 1344 cogita-

327 1385 446 1426 mus
471 1414 488 1442 ‚
530 1384 795 1445 tanquam
836 1369 980 1428 hunc
1023 1385 1380 1444 terraqueum
1425 1365 1617 1423 orbem

326 1466 620 1541 superfluis
677 1483 841 1542 atque
907 1467 1200 1523 inutilibus
1270 1461 1616 1521 animalculis

327 1579 631 1638 oneraret,
674 1563 769 1620 sed
810 1580 875 1619 eo
917 1562 1331 1636 sapientissimo
1374 1560 1617 1620 consilio

318 1660 389 1718 ab
429 1660 553 1734 ipso
595 1660 863 1735 producta
918 1677 1037 1715 esse
1094 1660 1272 1717 animo
1308 1660 1611 1722 nobiscum

320 1758 736 1834 reputabi1nu3‚
769 1775 833 1817 ut
877 1757 1061 1816 veluti
1105 1774 1313 1817 naturae
1361 1761 1610 1821 ministri

321 1855 718 1916 redundantem
752 1857 1186 1919 substantiarum
1211 1857 1494 1919 luxuriem
1519 1861 1613 1920 de-

320 1971 620 2029 pascerent
655 2003 671 2029 ‚
726 1977 792 2013 ne
835 1957 1151 2033 hujusmodi
1193 1959 1345 2033 justo
1387 1959 1611 2017 uberior

320 2049 684 2109 redundantia
710 2070 923 2112 terram
959 2055 1250 2113 immundis
1286 2056 1607 2133 quisquiliis

318 2147 648 2224 deturparet
676 2197 694 2227 ‚
755 2153 935 2230 iisque
979 2155 1264 2230 corruptis
1304 2155 1602 2213 inficeret=

318 2248 578 2322 profecto
621 2251 777 2310 nobis
821 2271 939 2310 sese
978 2253 1235 2328 probabit
1277 2253 1477 2313 horum
1506 2254 1605 2310 mi-

314 2349 732 2411 nutissimorum
786 2349 1105 2416 animalium
1164 2354 1353 2431 rati0‚
1406 2370 1463 2410 et
1519 2352 1604 2409 in-

1449 2468 1601 2511 Com*
