1813 2974
1367 194 1434 231 IX

155 289 347 347 tonius
407 282 746 361 Notarjanni
789 324 808 356 ‚
869 281 1081 360 aliique
1140 281 1431 340 memorati

146 399 441 444 occurrent
465 421 482 437 .
520 380 652 438 Duo
694 399 867 456 porro
910 381 1046 439 mihi
1088 396 1427 458 praetereun-

143 482 209 538 da
250 500 358 537 non
399 499 517 537 esse
558 494 793 541 censeo:
836 475 1281 553 primum,quod
1305 494 1425 536 mea

137 581 482 640 Insectorum
525 574 892 653 Neapolitani
932 575 1118 652 Regni
1161 579 1422 638 collectio

138 678 337 737 mirum
400 677 459 735 in
521 674 743 734 modurn
784 675 1089 750 excrevit,
1131 694 1424 756 postquam

133 775 365 836 celebris
428 776 720 836 Deodatus
780 775 1015 834 Ranieri
1075 796 1229 835 suam
1285 777 1420 838 mihi

132 879 334 940 tribuit
377 875 765 947 collectionem
788 923 806 952 ‚
828 897 947 955 quae
970 877 1164 953 majori
1188 897 1263 937 ex
1291 897 1419 955 par-

133 999 190 1041 te
235 978 472 1039 abundat
514 977 751 1037 Insectis
812 977 1000 1037 Italici
1058 979 1208 1053 soli,
1263 994 1322 1037 et
1364 981 1423 1038 in

131 1097 330 1138 nostro
370 1080 569 1156 Regno
610 1078 1023 1157 frequentibus:
1049 1078 1291 1140 alterum
1320 1100 1419 1138 ve-

128 1199 235 1252 m,
278 1178 428 1256 quod
469 1178 648 1236 fatear
692 1194 964 1254 oportet,
990 1198 1073 1236 me
1117 1178 1416 1256 plurimum

125 1277 329 1334 debere
371 1277 805 1358 praeclarissimo⁸
839 1277 1147 1355 Thunberg
1191 1278 1409 1355 Upsalae

123 1375 435 1436 Professori
479 1375 799 1434 doctissimo
824 1423 841 1450 ,
882 1376 1029 1455 quod.
1070 1379 1243 1454 ipsius
1280 1390 1413 1452 ope-

121 1496 186 1533 ra
228 1473 467 1552 quaedam
506 1475 853 1533 Insectorum
892 1457 1099 1558 genero.
1136 1483 1417 1552 cognove-v

119 1573 229 1630 rim
258 1617 277 1648 ‚
339 1593 455 1650 quae
515 1572 641 1631 heic
705 1572 842 1631 mihi
903 1591 1179 1650 nunquam
1237 1572 1414 1632 adhuc

129 1672 296 1730 obvia
335 1672 491 1730 fuere
535 1715 553 1745 ‚
609 1673 904 1749 variasque
955 1673 1149 1731 itidem
1191 1690 1414 1732 eorum-

127 1768 249 1827 dem
293 1770 546 1845 specie3‚
605 1789 720 1844 quae
768 1771 824 1825 in
867 1769 1264 1842 Septentrione
1327 1768 1416 1826 vi-

123 1879 323 1923 suntur
348 1907 360 1919 .
423 1863 576 1922 Illud
615 1863 839 1923 tandem
881 1864 1263 1921 ornatissimos
1305 1861 1408 1919 Le-

121 1979 307 2019 ctores
353 1977 620 2019 exoratos
664 1958 834 2035 vole,
873 1976 938 2019 ut
978 1960 1226 2018 laborem
1266 1959 1411 2017 hunc

120 2047 567 2138 qualemcumque
612 2077 790 2115 meum
831 2058 972 2135 aequi
1022 2059 1263 2136 bonique
1306 2059 1408 2117 du-

111 2175 278 2234 cant,
342 2157 481 2218 illud
542 2158 727 2216 animo
789 2176 969 2215 secum
1035 2140 1407 2234 reputante&

111 2277 240 2332 me,
284 2258 377 2335 qui
423 2275 582 2314 omne
627 2275 806 2316 meum
847 2274 1068 2332 tempus
1112 2255 1397 2314 hominum

111 2355 281 2419 saluti
303 2355 546 2419 curandae
567 2356 895 2424 transmitto
909 2398 929 2433 ,
952 2354 1267 2417 subsecivas
1301 2356 1402 2413 ho-

1258 2474 1398 2532 τις,
