1813 2974
367 254 428 312 33
600 257 695 300 Dr,
750 255 1362 305 DISPOSITIONE

362 354 433 382 nes
467 368 479 388 ,
536 336 742 384 Scarabaei
766 369 776 388 ‚
812 338 1051 405 Papiliones
1083 375 1098 395 ,
1136 342 1316 387 cimices
1359 376 1374 396 ,
1432 338 1592 390 Cicada
1611 382 1621 392 ,

364 402 444 447 Sed
479 419 621 465 quum
657 405 972 453 inextricabilia
1005 409 1092 453 sint
1125 410 1275 453 omnia
1295 411 1464 453 Genera
1500 426 1629 456 naru-

360 469 461 514 1alia
487 502 498 518 ,
535 468 861 518 substituuntur
898 478 1065 518 Genera
1086 472 1363 528 ¹artificialia,
1387 473 1630 537 desumptis

360 535 653 582 distinctionis
689 536 1007 585 characteribus
1041 557 1063 585 a
1099 539 1293 602 partibus
1345 545 1620 588 Insectorum

355 617 492 664 prout
528 601 773 650 collibuerit
812 608 1053 667 systematis
1087 605 1318 652 artificialis
1341 606 1598 654 Architecto
1623 637 1636 652 .

358 666 410 714 Id
445 683 590 716 autem
626 670 728 717 huic
762 672 1007 718 curandum
1027 686 1090 717 est
1113 707 1127 726 ‚
1149 686 1198 717 ut
1220 673 1433 732 ejusmodi
1469 677 1641 719 Genera

360 744 840 800 statuantur‚quorum
875 738 1142 786 characteres
1163 752 1413 786 constantes
1448 741 1560 790 sint,
1597 754 1641 787 et

359 801 566 850 omnibus
602 805 825 867 speciebus
859 805 942 852 sub
975 806 1130 853 eodem
1166 809 1333 853 Genese
1351 804 1640 854 militantibus

355 871 681 920 convenientes.
718 875 837 918 HInc
872 872 1038 920 factum
1073 886 1204 919 estut
1236 871 1427 935 plurima
1447 878 1636 929 Genera,

355 953 455 998 quae
489 937 544 986 cl.
581 941 786 986 Linnaeus
836 943 1043 986 omnium
1084 940 1255 1002 primus
1289 939 1527 995 condidit,
1563 939 1637 986 lo·

356 1020 460 1051 curn
496 1005 721 1054 inveniant
755 1007 800 1052 in
836 1023 1129 1069 quocumque
1164 1022 1396 1068 systemate
1431 1005 1635 1054 artificia-

355 1069 419 1126 li,
455 1089 644 1136 quaeque
693 1073 762 1120 Ill.
801 1072 1020 1120 Fabricius
1055 1073 1262 1121 stabilivit
1313 1074 1368 1121 ab
1421 1073 1633 1122 omnibus

357 1153 531 1203 recepta
563 1139 697 1186 hodie
732 1139 852 1188 sint.

490 1207 659 1268 Species
696 1222 763 1254 tot
797 1222 1086 1255 numerantur
1120 1243 1133 1263 ,
1171 1221 1287 1271 quot
1323 1204 1504 1255 diversae
1539 1208 1636 1255 for-

357 1289 440 1318 mae
485 1288 738 1320 constantes
773 1272 905 1320 hodie
937 1277 1149 1322 exsistunt
1185 1310 1197 1321 .
1246 1277 1420 1321 Omnes
1473 1276 1638 1340 species

359 1338 576 1387 naturales
609 1357 661 1386 ex
697 1342 794 1387 ovis
829 1355 1022 1388 matrum
1043 1356 1377 1406 propagantur,
1397 1359 1638 1407 earumque

356 1407 593 1457 Individua
627 1408 817 1454 diversas
850 1406 1014 1455 formas
1031 1423 1284 1456 constantes
1317 1409 1498 1456 induere
1534 1426 1642 1474 pos-

357 1490 462 1524 sunt
486 1511 500 1531 ,
533 1491 578 1523 et
612 1473 896 1539 multiplicari
930 1477 977 1522 in
1029 1478 1191 1539 species
1231 1511 1247 1531 ,
1301 1492 1401 1537 quae
1454 1479 1640 1541 proprio

355 1558 398 1590 et
433 1543 665 1590 communi
717 1543 964 1589 charactere
1010 1542 1196 1589 naturali
1245 1542 1302 1587 ad
1340 1544 1526 1605 speciem
1564 1561 1641 1590 na·

358 1609 542 1659 ruralem
577 1608 728 1656 referri
762 1608 955 1664 debent,
991 1627 1090 1674 quae
1126 1607 1413 1674 appellabitur
1468 1614 1639 1666 Genus,

357 1678 411 1724 ad
447 1675 573 1740 quod
607 1693 762 1722 omnes
815 1675 960 1739 proles
1008 1678 1255 1741 specierum
1305 1678 1489 1723 nomine
1540 1677 1644 1723 insi-

357 1744 489 1811 gnirae
531 1776 542 1794 ‚
581 1758 761 1807 propter
797 1743 987 1790 diversas
1044 1742 1210 1791 formas
1243 1758 1495 1790 constantes
1528 1744 1642 1791 inter

363 1829 408 1858 se
443 1804 691 1858 differentes
711 1845 726 1866 ‚
761 1810 1036 1858 reducuntur
1056 1847 1069 1859 .

491 1879 734 1925 Varietates
767 1891 837 1926 tot
874 1877 1084 1926 dicuntur
1119 1915 1132 1934 ,
1169 1893 1284 1944 quot
1317 1875 1558 1927 differentia
1594 1897 1646 1927 ex

358 1944 554 2005 ejusdem
574 1946 728 2009 speciei
748 1946 845 1993 ovis
861 1945 1172 2009 producuntur
1191 1951 1361 1994 Insecta
1378 1982 1388 1994 .
1407 1948 1486 1992 Hae
1508 1949 1642 1994 varie-

360 2029 466 2060 tates
502 2030 594 2060 non
630 2029 786 2075 parum
819 2010 1099 2060 confusionis
1119 2012 1296 2079 gignere
1316 2011 1457 2060 solent
1474 2014 1517 2059 in
1543 2030 1642 2077 spe-

360 2082 528 2128 cierum
562 2079 846 2126 distinctione
868 2109 880 2130 ‚
898 2096 1045 2141 quum
1071 2098 1181 2146 saepe
1217 2098 1346 2127 mera:
1380 2080 1604 2127 varietates
1625 2113 1638 2133 ,

359 2164 458 2210 quae
505 2163 530 2191 a
562 2147 722 2192 caussis
757 2145 1097 2195 accidentalibus
1133 2149 1345 2195 oriuntur
1383 2178 1397 2198 ‚
1432 2162 1475 2194 et
1511 2146 1637 2195 facile

358 2228 623 2261 evanescunt
644 2243 656 2264 ,
692 2230 776 2276 pro
795 2212 1018 2277 speciebus
1049 2218 1211 2263 assumi
1247 2214 1451 2279 possint.
1485 2217 1642 2262 Exem-

359 2280 484 2346 plum
535 2282 741 2328 naturalis
792 2297 836 2328 et
888 2286 1130 2330 constantis
1178 2282 1395 2330 varietatis
1445 2281 1642 2330 ostendit

360 2347 520 2414 duplex
552 2364 676 2397 sexus
699 2385 716 2406 ‚
749 2363 793 2399 et
825 2364 978 2398 neuter
1012 2349 1088 2399 ubi
1119 2351 1349 2400 occurrit.

1509 2556 1548 2606 5.
1571 2554 1629 2601 Π.
