1813 2974
1389 126 1408 165 ’ξ
1425 139 1427 141 .

571 282 921 332 CAPUT
987 284 1051 333 114
1358 280 1426 344 ‘29¹

265 376 382 422 Tam
420 377 588 426 Larvae,
626 388 761 435 quam
783 376 904 438 Pnpae
941 368 1314 435 metamorphosis
1344 386 1422 429 va.-¹

133 444 197 494 εἷα
231 459 295 490 est
332 459 382 488 ex
418 442 532 487 varia
568 439 821 486 earumdem
857 454 1078 486 structura
1093 455 1112 486 ἰ
1147 453 1326 502 estque⁴

274 531 303 556 α,
343 509 683 555 COMPLETA
714 524 725 552 ε
757 505 919 553 Larvis
967 521 1009 552 et
1066 505 1197 573 Pupis
1239 515 1427 555 curren-i

137 577 288 634 tibus,
312 575 508 641 'agihbus
530 607 543 627 ‚
579 572 789 620 omnibus
827 570 1023 636 partibus
1060 575 1242 640 imagini
1280 573 1428 623 simil-

138 648 477 708 limis‚semper
511 639 806 690 crescentibus
826 676 841 696 ,
874 638 1114 688 voracibus
1134 677 1150 697 ‚
1185 640 1427 698 sterilibus,

141 715 315 763 exuvias
368 708 693 777 deponentibus
723 745 738 758 .
787 710 883 756 Sint
930 707 1132 772 exemplo
1197 715 1381 757 Aranea
1417 743 1435 766 ,

152 787 312 829 Cancer
333 815 348 835 ‚
385 786 578 827 Astacus
600 815 610 827 .

286 852 313 898 β
349 844 840 894 SEMICOMPLETA
861 865 877 892 .·
913 847 1067 892 Larva
1098 841 1325 908 hexapoda
1341 843 1438 909 agi-

149 913 181 962 li
218 945 232 966 ι,
293 914 460 979 absque
491 913 601 961 alis:
637 920 760 981 Pupa
794 911 895 979 agili
928 910 1098 958 alarum
1132 912 1433 960 rudimentis.

156 983 326 1050 Gryllus
344 1018 359 1038 ,
398 979 561 1028 Cicada
583 1017 599 1033 ,
645 979 796 1028 Cimex
813 1016 828 1037 ,
864 976 1080 1028 Libellula
1099 1015 1110 1026 .

286 1067 323 1108 ‘y
358 1050 772 1097 INCOMPLETA
810 1067 824 1097 ς
879 1052 1031 1095 Larva
1095 1045 1320 1112 hexapodzi
1369 1045 1443 1095 vel

155 1116 382 1184 polypoda
415 1115 670 1164 succulenta
697 1153 712 1173 ‚
748 1115 902 1163 tarda:
939 1120 1065 1183 Pupa
1098 1114 1286 1179 pedata,
1308 1114 1438 1181 quie«v

154 1201 303 1235 scente
323 1221 334 1233 .
374 1183 644 1237 Scarabaeus,
684 1182 828 1250 Apis,
867 1184 1064 1230 Formica
1086 1218 1096 1230 .

284 1255 316 1297 A*
350 1254 642 1301 OBTECTA
667 1270 677 1299 :
713 1257 864 1300 Larva
901 1249 1124 1313 polypoda
1143 1282 1157 1301 ‚
1182 1247 1312 1315 agili,
1332 1265 1430 1297 sue-

150 1320 357 1370 culenta:
394 1325 517 1384 Papa
551 1319 695 1382 apoda
735 1355 750 1375 ,
805 1319 1058 1383 quiescente
1093 1348 1107 1370 ‚
1160 1318 1378 1364 cotticata
1415 1351 1431 1373 ,

148 1390 358 1437 thorace,
394 1385 724 1450 abdomineque
754 1385 977 1434 distinctis
1010 1405 1031 1439 ;
1067 1401 1207 1448 eaque
1239 1383 1309 1432 vel
1343 1400 1431 1435 nu-.

152 1456 207 1504 da
244 1455 313 1504 vel
349 1452 619 1501 folliculata.
657 1453 818 1501 Classis
866 1455 1155 1501 Glossatorum
1181 1487 1194 1500 .
1382 1506 1384 1509 .

285 1542 302 1569 ε
335 1523 745 1570 COARCTATA:
784 1527 935 1570 Larva
967 1519 1111 1584 apoda
1133 1555 1147 1574 ,
1183 1517 1426 1572 annulata,

151 1588 309 1640 mobili
340 1611 350 1638 :
387 1595 509 1656 Pupa
549 1589 689 1654 apoda
728 1625 743 1645 ,
775 1587 1028 1644 immobili,
1065 1602 1286 1635 coarctata
1322 1588 1442 1635 intra

151 1657 338 1724 globum
358 1691 370 1704 .
409 1663 573 1703 Musca
610 1693 624 1712 ,
663 1661 839 1704 Oestrus
858 1694 869 1706 .

284 1723 503 1771 Praedictae
553 1723 922 1788 metamorphosis
958 1723 1120 1787 species
1156 1737 1247 1770 tam
1277 1723 1325 1769 in
1361 1721 1446 1768 lati

152 1793 219 1838 vis
257 1808 393 1854 quam
428 1792 476 1836 in
510 1792 638 1853 pupis
676 1791 867 1836 diversas
901 1790 1158 1837 earumdem
1202 1804 1445 1836 structuras

151 1858 386 1909 exhibent,
425 1874 534 1919 quas
570 1856 629 1903 ob
663 1856 818 1904 oculos
853 1859 982 1921 ponit
1031 1856 1186 1904 claris.
1226 1854 1446 1903 FabricIus

149 1926 198 1971 in
255 1942 332 1972 sua
387 1923 668 1989 Philosophia
721 1923 1054 1990 entomologica
1093 1959 1104 1972 .
1139 1925 1241 1971 Nos
1278 1923 1447 1987 aliquas

154 1991 472 2039 tantummodo
508 1992 579 2038 hic
613 1992 885 2040 adnotandas
923 2008 1149 2038 censemus
1183 2027 1199 2046 ,
1255 1989 1445 2054 reliquas

157 2073 263 2106 veto
317 2059 398 2106 sub
453 2076 735 2123 unoquoque
771 2064 940 2106 Genere
972 2060 1135 2106 Insecti
1168 2057 1447 2122 explicandas

156 2127 442 2175 commodius
477 2128 773 2174 existimamus
795 2162 807 2175 .

293 2194 671 2257 Metamorphosis
737 2192 973 2258 complctae
1025 2199 1178 2243 Larva
1231 2206 1275 2240 et
1325 2199 1450 2259 Papa

158 2260 410 2326 patentibus
447 2262 678 2310 simillimae
713 2258 953 2309 difficilem
979 2262 1172 2309 reddunt
1207 2261 1454 2324 specierum

161 2330 574 2377 determinationem
611 2365 626 2384 ‚
676 2344 719 2376 et
769 2346 880 2393 saepe
933 2331 1179 2392 specierum
1213 2344 1454 2374 numerum

159 2396 455 2460 multiplicant
495 2433 505 2445 .
579 2396 843 2461 Exemplum
909 2395 1189 2445 luculentum
1241 2409 1449 2461 praestant

159 2469 340 2511 Araneae.
377 2499 390 2518 ,
442 2481 633 2527 quarum
686 2464 830 2529 plures
881 2465 1045 2530 species
1096 2463 1284 2514 forsitan
1319 2476 1452 2511 erunt

161 2530 289 2580 latvae
323 2546 400 2580 aut
431 2548 559 2598 pupae
595 2530 865 2597 reliquarum
886 2566 899 2582 .

1310 2597 1454 2646 Semi-

1441 2699 1457 2735 ἱ
