1813 2974
426 250 485 310 ''58
692 246 773 291 DE
808 245 938 290 USU
971 243 1394 293 INSECTORUM

423 329 550 377 >tione
582 325 793 380 Numeri,
832 325 1019 392 Figurae,
1055 327 1340 395 Propertiont‘s
1359 364 1372 384 ,
1406 343 1449 376 et
1486 328 1605 377 Situs
1630 328 1699 378 di-

428 411 599 443 ctarum
633 396 824 458 partium
844 429 855 442 .
895 396 1014 441 Hinc
1048 396 1094 442 in
1125 411 1234 444 octo
1269 394 1423 442 classes
1444 400 1612 446 Insecta
1630 398 1701 444 di-

427 460 603 508 stribuit
637 463 837 526 sequenti
874 461 1013 508 modo
1038 493 1052 512 ⁶

700 546 742 577 1.
776 532 844 576 Os
883 527 1061 575 maxillis
1097 528 1324 594 palpisque
1356 546 1405 589 4.
1443 544 1519 577 aut
1553 536 1598 579 6.

424 592 541 645 Clas.
567 612 606 642 1.
643 593 911 644 Eleuterata:
976 595 1148 642 maxilla
1183 597 1332 648 nuda,
1370 595 1531 647 libera.

578 678 606 710 ’.
643 662 840 710 Ulonata
874 682 885 711 :
979 661 1150 709 maxilla
1186 677 1296 709 tecta
1321 662 1442 729 galea
1479 664 1666 715 obtusa.

644 731 892 792 Synistata:
974 728 1143 777 maxilla
1177 746 1367 777 connata
1402 747 1504 779 cum
1532 731 1648 780 labio
1684 771 1697 782 .

646 800 883 862 Agonata:
971 796 1143 844 maxilla
1178 796 1383 845 inferiore
1418 798 1563 847 nulla.

690 879 735 911 2.
772 868 839 911 Os
874 864 1057 911 maxillis
1092 863 1320 928 palpisque
1353 864 1530 913 duobus
1551 903 1562 914 .

642 934 857 998 Unogata
892 951 905 980 ε
972 930 1144 979 maxilla
1178 930 1384 979 inferiore
1425 935 1581 998 saepius
1615 950 1702 981 un-

969 1017 974 1022 ·
1037 997 1291 1063 guiculata.

593 1102 604 1114 .
641 1065 869 1114 Glossata:
955 1081 1007 1113 os
1039 1063 1175 1130 palpis
1209 1066 1448 1132 linguaque
1486 1067 1664 1131 spirali.

640 1134 880 1198 Ryngota:
951 1150 1003 1179 os
1037 1148 1216 1179 rostro:
1249 1135 1404 1198 vagina
1419 1134 1668 1183 articulata.

591 1234 604 1250 .
634 1200 830 1248 Antliata
864 1222 876 1249 :
945 1217 998 1248 os
1049 1197 1262 1248 haustello
1296 1219 1310 1249 z
1360 1202 1517 1265 vagina
1549 1201 1704 1251 inarti-

1030 1262 1209 1316 culam.

557 1332 724 1382 Nullus
776 1332 1009 1383 dubitandi
1060 1333 1187 1382 locus
1220 1333 1487 1398 relinquitur
1526 1366 1540 1386 -‚
1588 1338 1701 1400 quin

418 1403 507 1451 hoc
542 1401 722 1448 Fabricii
756 1419 942 1466 systema
976 1401 1154 1466 reliquis
1189 1404 1463 1464 praestantius
1499 1402 1587 1458 sit,
1623 1404 1700 1452 sed

418 1471 708 1524 characteres,
739 1469 903 1534 quibus
940 1472 1078 1517 utitur
1113 1471 1314 1532 egregius
1350 1473 1559 1524 Auctor,
1595 1470 1695 1519 solo

417 1537 717 1600 microscopio
770 1537 1037 1599 conspicuos
1090 1532 1404 1584 difficillimum·
1461 1535 1694 1597 tyronibus

415 1604 637 1655 reddunt,
671 1618 716 1650 et
751 1620 1033 1668 summopere
1067 1602 1342 1650 laboriosum
1378 1638 1390 1652 .
1424 1604 1611 1650 Utinam
1645 1606 1695 1653 in

415 1672 717 1720 characterum
751 1687 931 1717 censum
966 1670 1219 1718 advocasset
1253 1671 1385 1718 etiam
1417 1669 1516 1716 illos
1552 1704 1564 1725 ,
1617 1673 1702 1735 qui

413 1736 460 1786 in
496 1739 647 1785 ceteris
683 1739 836 1800 capitis
871 1736 1065 1800 partibus
1101 1752 1345 1784 occurrunt
1380 1773 1396 1792 ,
1428 1751 1470 1784 et
1505 1739 1694 1801 physio-

415 1807 616 1853 nomiam
650 1804 889 1867 quamdam
927 1818 991 1850 sat
1024 1803 1289 1869 singularem
1320 1822 1404 1868 pro
1423 1804 1698 1869 diStiuguen.

414 1873 481 1920 dis
518 1877 798 1919 Insectorum
832 1869 1076 1919 Generibus
1112 1869 1307 1919 offerunt
1347 1893 1362 1918 .·
1398 1875 1462 1917 Ita
1498 1888 1599 1917 sane
1634 1870 1699 1918 fa-

415 1940 543 1989 cilius
577 1939 778 1986 evaderet
813 1953 1031 2006 systema,
1070 1954 1217 2004 neque¹
1249 1956 1363 2002 opus
1398 1938 1573 1984 assiduo
1612 1941 1700 1986 mi-

417 2008 652 2071 croscopio
679 2021 794 2070 ‚esset
835 2042 850 2062 ‚
885 2021 1019 2069 atque
1052 2004 1127 2053 ubi
1162 2007 1345 2052 variatio
1380 2004 1572 2068 partium
1607 2007 1701 2054 oris

414 2077 691 2122 inveniretur·
712 2110 726 2130 ‚
761 2088 1065 2121 succurrerent
1101 2072 1396 2119 distinctionis
1432 2071 1702 2120 characteres

415 2142 471 2189 ab
504 2141 599 2189 aliis
633 2141 787 2205 capitis
821 2138 1016 2205 partibus
1054 2139 1310 2204 desumpti.

555 2212 623 2256 En
658 2210 770 2255 ratio
806 2209 1048 2271 systematis
1084 2205 1297 2255 Fabricii.

558 2280 598 2323 A
653 2292 873 2324 structura
924 2276 1325 2322 instrumentorum
1372 2272 1640 2323 cibariorum
1681 2286 1701 2334 3

411 2363 516 2411 quae
569 2345 686 2390 varia
737 2346 931 2391 omnino·
978 2341 1105 2389 debet
1154 2359 1245 2389 esse
1295 2358 1380 2406 pro
1448 2344 1571 2390 vario
1625 2345 1700 2390 In·

418 2429 642 2460 sectorum
691 2410 932 2464 alimento,
970 2412 1131 2474 optimi
1169 2410 1434 2457 characteres
1490 2427 1572 2472 pro
1627 2410 1698 2456 di-

422 2479 695 2547 stinguendis
732 2478 973 2529 Generibus
1019 2479 1114 2526 erui
1164 2492 1353 2545 possunt
1387 2515 1399 2528 .
1448 2479 1531 2526 His
1575 2478 1698 2524 nisus

1560 2560 1697 2596 ratio-2

559 679 585 709 Ν

560 746 608 856 ην.»

555 946 603 1247 «ψεκτ-
