1813 2974
1246 236 1258 243 ’
1329 268 1385 315 33

386 403 431 452 C
499 399 545 448 A
611 399 647 449 Ρ
711 402 762 448 U
812 402 872 449 'T
1031 406 1114 456 111.

423 540 500 588 Da
537 537 866 584 InsncronM
905 550 1066 589 sexu·

190 675 305 724 Exus
356 674 403 723 in
440 670 621 722 Insectis
656 669 995 735 comprehendit
1029 673 1285 725 Masculum
1319 676 1387 725 fe-‘

112 684 182 791 S
222 745 481 805 mii-iamque
516 740 564 787 in
599 737 817 786 distinctis
850 739 1097 788 Individuis
1120 775 1134 793 ,
1176 760 1275 806 quae
1310 764 1390 809 ge-

107 812 266 859 nerant
314 807 505 876 perfecta
533 804 612 854 -ad
665 805 1004 855 individuorum
1054 808 1388 873 multiplicatio-

105 892 212 924 nem
251 916 263 928 .
298 881 400 925 Nec
436 875 596 924 desunt
628 875 800 921 Neutra
821 908 838 929 ,
878 892 977 938 quae
1010 872 1177 939 absque
1214 882 1386 941 genita-

102 942 219 992 libus
252 945 411 993 sterilia
443 976 459 994 ,
509 940 738 989 nonnullis
787 941 992 989 societate
1024 941 1298 993 foederantur
1330 946 1388 994 ad

107 1013 467 1061 commodiorem
503 1009 675 1065 vitam,
709 1023 753 1055 et
788 1011 1054 1073 posteritatis
1088 1015 1388 1061 conservatio-

100 1093 207 1126 nem
234 1115 244 1128 .
284 1082 436 1127 Larvae
470 1090 514 1123 et
547 1076 680 1141 Pupae
713 1075 879 1144 absque
913 1077 1179 1144 genitalibus
1216 1097 1389 1147 semper

98 1144 268 1194 steriles
288 1182 299 1194 .

234 1209 502 1261 Genitalium
557 1209 665 1259 situs
699 1213 747 1262 in
781 1210 985 1276 plurimis
1019 1216 1202 1264 Insectis
1236 1230 1301 1264 est
1337 1215 1386 1266 1⁹11

93 1276 345 1328 abdominis
380 1279 652 1327 extremitate
685 1317 702 1338 ‚
739 1279 816 1329 ubi
850 1298 935 1347 pro
969 1286 1254 1332 excrementis
1283 1319 1301 1340 ,
1340 1300 1385 1333 et

94 1349 296 1413 genitura
329 1348 584 1396 communis
616 1349 783 1398 exituS.

562 1420 746 1465 Aranea
780 1433 874 1464 mas
905 1417 952 1464 in
987 1418 1128 1484 palpis
1165 1455 1182 1477 ,
1217 1418 1382 1470 femina

632 1485 713 1532 sub
751 1484 1003 1534 abdominis
1038 1486 1161 1535 basi.

570 1555 738 1601 'Cancer
774 1570 867 1600 mas
902 1568 945 1599 et
980 1551 1144 1602 femina
1181 1553 1263 1604 sub
1296 1556 1384 1617 ab-J

634 1620 829 1680 dominis
863 1620 953 1668 basi
978 1658 988 1669 .

567 1684 782 1736 Libellum
816 1705 908 1734 mas
939 1690 985 1734 in
1018 1704 1198 1753 pectore
1217 1689 1384 1747 ‚femi-

630 1773 689 1801 na
721 1756 767 1801 in
803 1756 925 1817 apice
962 1754 1218 1804 abdominis
1253 1760 1382 1822 geni-

636 1820 737 1867 talia
772 1835 964 1884 gerunt.

223 1888 355 1936 Sexus
406 1891 693 1955 androgynus
730 1921 746 1944 ‚
798 1902 842 1934 et
895 1887 1285 1954 hermaphroditus
1333 1891 1383 1941 in

91 1955 417 2022 Entomologia
451 1961 699 2006 rarissimus
729 1991 743 2004 .

240 2026 416 2072 Femina
450 2028 559 2073 mari
595 2023 860 2085 plerumque
893 2026 1068 2083 majori
1105 2040 1149 2073 et
1184 2024 1274 2074 sola
1297 2033 1385 2092 po·-⁴

96 2090 301 2136 steritatis
336 2110 489 2140 curam
523 2094 664 2156 gerit,
703 2106 847 2154 quum
884 2107 975 2135 mas
1012 2107 1114 2154 post
1145 2094 1384 2145 foecunda-

81 2158 254 2204 tionem
290 2176 434 2222 pereat
457 2197 469 2215 ,
506 2157 738 2222 superstite
772 2155 934 2204 femina
957 2193 973 2211 ,
1001 2161 1146 2207 donec
1181 2181 1266 2209 ova
1297 2181 1379 2225 po.

77 2227 213 2271 suerit
235 2256 249 2278 ,
282 2243 325 2273 et
359 2243 463 2291 apto
498 2228 555 2273 ad
593 2225 889 2272 exclusionem
923 2225 1029 2274 loco
1064 2232 1372 2279 commiserit.

74 2291 197 2337 Hinc
237 2310 339 2340 usus
376 2294 530 2342 Aculei
571 2325 585 2348 ,
622 2309 666 2340 et
699 2293 862 2341 Caudae
897 2294 941 2338 in
979 2296 1252 2356 quibusdam
1288 2303 1370 2345 In-

72 2372 300 2406 sectorum
351 2359 523 2409 feminis
552 2398 565 2410 .
620 2367 672 2408 In
729 2366 881 2423 Apum
938 2363 1163 2423 republica
1201 2363 1364 2414 femina

73 2428 373 2493 principatum
411 2446 561 2484 tenet,
601 2448 625 2476 a
663 2430 846 2475 Neutris
881 2445 1107 2493 tamquam
1148 2435 1360 2496 spadoni-

74 2490 161 2541 bus
196 2496 361 2545 nutrita
385 2533 404 2552 ,
444 2499 727 2564 maribusque
760 2499 1359 2563 ignavis-..circumdatam-

884 2567 928 2615 C
1303 2586 1366 2617 το
