1813 2974
481 224 521 271 C
561 223 598 269 A
639 223 670 269 Ρ
706 222 754 268 U
789 223 831 268 T
898 223 980 268 111.
1318 231 1380 274 527

301 326 349 370 4.
382 306 641 357 Saltatoria:
670 307 747 354 alis
783 306 912 354 nullis
953 326 964 354 ε
1000 303 1128 352 larvae
1164 317 1386 369 pupaeque

440 391 602 424 statum
639 375 918 438 transigentia
941 374 1103 424 „Clas
1142 390 1183 421 ι.

516 460 592 490 ιι.
630 444 832 489 Suetoria
868 460 879 489 :
940 440 1016 487 alis
1069 439 1201 487 nul-lis
1235 474 1251 488 u
1308 438 1388 484 Pe-

712 508 840 556 dibus
879 512 922 555 6.
945 511 1037 554 Ore
1059 503 1353 569 proboscideo
1376 538 1391 552 .

715 579 751 624 E
786 575 987 639 nympha
1024 579 1209 638 Imago.

327 663 374 710 5..
411 646 672 693 Gressoria:
699 643 794 692 Alis
828 642 992 691 nulliS.
1017 643 1114 688 Sine
1149 655 1395 688 metamor-

449 713 580 778 phosi
619 729 670 759 ex
706 730 796 760 ovo
833 709 1097 778 prodeuntia
1117 707 1258 756 .Clas.
1279 722 1365 754 tres
1385 740 1403 756 c

520 798 596 829 η.
647 783 899 828 Aucenata:
956 775 1050 824 Alis
1085 774 1215 823 nullis
1249 810 1259 822 .
1316 776 1398 820 Pe-

716 847 844 896 dibus
880 861 947 892 sex
968 879 981 893 .
1027 845 1182 909 Capite
1210 861 1234 889 a
1254 841 1400 889 thora-

715 932 765 963 ce
819 915 1029 963 distincto
1055 949 1068 962 .
1208 972 1210 975 v

518 998 597 1043 ις.
629 982 911 1032 Atrachelia:
964 976 1058 1028 Alis
1112 976 1274 1027 nullis.
1313 978 1397 1022 P'e-

724 1051 852 1098 dibus
889 1067 960 1097 sex
1008 1045 1075 1094 vel
1115 1045 1345 1112 pluribus.

727 1120 884 1185 Capite
920 1117 1090 1164 thoraci
1125 1115 1320 1179 adnato.

528 1204 604 1248 ¹4·
637 1190 906 1238 Crustacea:
948 1184 1041 1233 A-lis
1078 1181 1211 1230 nullis
1270 1177 1397 1228 Pedi-

726 1255 808 1303 bus
855 1271 927 1314 14.
978 1267 1021 1301 et
1055 1250 1202 1298 ultra.
1250 1248 1408 1314 Capite

728 1342 753 1370 a
790 1322 968 1369 thorace
1003 1320 1249 1367 distincto.

181 1390 399 1440 Universa
439 1394 609 1440 Insecta
640 1390 698 1438 ad
740 1408 842 1438 100.
859 1394 1028 1437 Genera
1064 1400 1241 1434 revocat
1262 1399 1407 1448 ,pro-

114 1459 222 1523 priis
257 1459 567 1525 distinguenda
602 1457 951 1512 characteribus,
988 1471 1126 1520 eaque
1162 1456 1209 1500 in
1247 1450 1410 1500 defini-¹

121 1541 186 1574 tas
220 1526 376 1575 classes
412 1527 636 1582 distribuit
660 1563 672 1575 .
708 1530 768 1574 Ex
801 1525 929 1573 dictis
962 1537 1143 1589 apparet
1180 1523 1408 1587 optimum

120 1596 266 1648 virum
305 1611 546 1660 sequutum
583 1593 718 1642 fuisse
738 1590 983 1658 gener-alem
1019 1591 1186 1638 Linnaei
1222 1589 1411 1637 divisio·

120 1677 225 1706 nem
250 1694 260 1711 ‚
298 1679 341 1709 at
375 1666 420 1709 in
458 1660 682 1709 Classibus
719 1661 974 1707 ordinandis
1010 1657 1064 1706 ab
1098 1676 1153 1706 eo
1189 1657 1412 1703 discessis-

123 1745 195 1777 se.
231 1730 365 1776 Num
396 1745 506 1775 vero
537 1727 795 1788 hujusmodi
830 1743 1021 1787 systema
1075 1727 1130 1772 sir
1178 1723 1233 1770 ab
1286 1723 1414 1769 omn-i

123 1811 248 1859 parte
285 1793 556 1860 perfectum,
592 1794 882 1854 judicandum
919 1793 1104 1840 libenter
1141 1790 1293 1837 damus
1335 1802 1418 1836 nu<-

119 1866 191 1919 jusss
228 1864 416 1910 scientiae
451 1864 631 1926 peritis,
667 1862 786 1909 Illud
822 1877 916 1907 non
952 1860 1044 1907 leve
1067 1856 1414 1906 incommodum

121 1932 169 1976 in
204 1948 258 1976 eo
295 1947 384 1976 sese
419 1929 548 1976 nobis
584 1928 715 1977 offert
737 1966 749 1985 ‚
823 1929 916 1976 uod
950 1928 1050 1975 licet
1088 1924 1260 1974 facilem
1297 1925 1414 1970 viam

121 1999 319 2061 aperiat,
354 2012 404 2044 ut
439 1997 494 2042 ad
533 1999 761 2061 propriam
783 1947 965 2044 classem
1005 1999 1231 2041 I-nsectum
1266 1991 1421 2056 lfaod—

120 2067 188 2111 vis
223 2063 444 2130 redigatur
466 2099 481 2119 ,
517 2065 833 2112 confusionem
869 2078 1016 2109 tamen
1053 2078 1146 2108 nor.
1181 2061 1416 2107 minimam

118 2133 234 2193 parit
267 2166 283 2185 ‚
323 2147 372 2178 ut
408 2137 559 2180 Genus
595 2150 644 2179 ac
680 2132 850 2194 Specie-s
885 2129 1201 2177 determinem-r
1241 2164 1256 2184 ‚
1307 2143 1418 2191 pro-

120 2214 219 2261 pter
257 2199 559 2261 plu-rimorum
599 2202 842 2247 nominum
902 2197 1237 2259 mutatione-m,
1280 2210 1424 2261 quam

129 2265 294 2313 invexit
332 2266 538 2314 laudatus*
570 2271 743 2315 Auctor
766 2301 778 2320 ‚

260 2332 459 2382 Illustris2
497 2337 602 2385 Joh.
640 2336 807 2384 Christ.
863 2332 1085 2382 Fabricius
1118 2331 1172 2379 ab
1209 2332 1420 2382 omn-ibus

128 2398 328 2464 partibus
361 2403 449 2448 oris
472 2439 486 2458 ,
522 2421 638 2469 quas—
672 2405 965 2450 instrumenta
1000 2402 1159 2448 cibaria
1193 2402 1415 2465 appellat,

129 2467 399 2517 characteres
431 2488 515 2536 pro
550 2488 634 2520 suo
667 2486 898 2535 systemate
933 2469 1147 2536 collegit,
1182 2469 1326 2517 habita
1349 2487 1422 2516 ra-

1297 2552 1419 2585 tione
