1813 2974
321 287 385 326 40
555 271 667 332 DE*
709 270 1306 334 DISPOSITIOUNE

320 370 410 398 rem
465 352 640 397 reddere
676 387 689 400 .
743 356 796 398 In
845 352 991 399 Classe
1029 354 1335 401 Giossatorum
1374 356 1589 403 Antennae

317 420 580 465 chr-meteres
633 420 878 484 aptissimos
925 436 1167 486 suggerunt
1202 438 1288 485 pro
1319 421 1592 486 distinguen-

322 487 387 531 dis
422 483 678 548 generibus-

457 553 834 616 Metamorphosis
884 557 997 602 ratio
1033 553 1231 602 habenda
1277 592 1290 610 ,
1342 557 1444 619 quia
1478 556 1595 604 viam

322 619 477 665 sternit
511 619 565 665 ad
602 622 777 668 ordines
801 636 854 668 et
889 626 1058 668 Genera
1095 622 1331 670 naturalia.
1355 622 1452 668 Sed
1488 622 1596 687 cha-

324 701 508 734 racteres
545 704 568 732 a
593 688 814 752 perfecta
803 690 992 754 imagine
1011 704 1264 754 repetantur
1281 704 1458 753 oportet
1478 685 1600 741 ‚non

321 769 430 801 vero
463 771 489 800 a
521 753 701 802 diversis
737 757 896 804 Insecti
927 753 1281 820 mutationibus.

455 820 645 868 Habitus
679 827 956 870 Insectorum
993 824 1196 887 quamvis
1232 822 1498 871 characteres
1515 840 1598 888 pro

323 890 492 935 Genere
529 890 844 937 constituendo
879 890 996 937 haud
1031 887 1197 938 offerre
1225 891 1397 946 valeat,
1417 892 1602 936 minime

325 969 474 1001 tamen
510 957 865 1006 contemnendus
896 991 915 1010 ,,
942 976 1097 1022 quum
1133 959 1179 1005 in
1216 963 1494 1008 Insectorum
1529 975 1608 1004 co-

330 1022 532 1085 gnitione
567 1039 745 1085 tyrones
780 1026 1054 1073 manuducat.
1081 1061 1097 1082 ‚
1132 1041 1182 1074 ut
1217 1023 1390 1077 facilius.
1419 1023 1490 1071 illa
1527 1025 1608 1070 ad-

325 1091 537 1144 discant3'
530 1093 578 1137 iis
597 1106 760 1141 autem,
783 1094 863 1155 qui
881 1094 931 1139 in·
946 1092 1025 1140 hac
1043 1095 1221 1141 scientia
1242 1107 1486 1140 versantur,
1509 1091 1608 1154 plu-

327 1158 495 1204 rimum
517 1157 715 1205 conferat
744 1160 799 1205 ad
836 1164 1004 1226 Genera
1036 1175 1080 1206 ct
1100 1161 1261 1224 species
1283 1159 1612 1206 determinanda

323 1225 414 1270 sine
434 1225 731 1272 characterum
769 1222 994 1273 examine·
1013 1229 1068 1274 Et
1086 1244 1186 1274 sane
1213 1226 1271 1276 cl
1284 1216 1498 1273 Fabricius
1515 1224 1613 1288 plu-

323 1292 435 1339 rima
488 1293 704 1359 rarissima
740 1297 910 1341 Insecta
945 1293 1149 1341 describit
1183 1297 1230 1341 in
1266 1295 1353 1341 suis
1387 1292 1613 1359 operibus‚·

324 1377 424 1423 quae
458 1360 504 1406 in
537 1361 697 1407 muscis
733 1361 941 1426 collecta
953 1360 1259 1409 observaverat
1283 1398 1294 1416 ,
1331 1377 1474 1423 neque
1513 1378 1608 1407 cer-

322 1442 364 1476 te
412 1428 495 1492 ipsi
547 1425 731 1475 facultas
786 1446 993 1476 concessa
1045 1427 1129 1476 fuit
1163 1447 1211 1476 ea
1247 1426 1523 1482 dissecandi,
1559 1444 1611 1474 ut

323 1493 591 1543 characteres
625 1512 675 1541 ex
706 1497 1009 1544 instrumentis
1043 1496 1215 1544 cibariis
1247 1513 1397 1544 eruere
1443 1509 1609 1557 potue-

322 1563 411 1611 rit.
447 1563 588 1620 Quod
623 1581 777 1610 verum
807 1598 820 1617 ,
857 1558 1033 1610 babitus
1068 1566 1114 1610 ἰη
1150 1562 1463 1634 entomologia.
1492 1578 1604 1626 sem-

323 1646 401 1693 per
436 1630 510 1676 sed
545 1644 670 1677 caute
704 1629 1001 1692 consulendus
1038 1666 1052 1685 ,
1098 1630 1207 1677 dum
1245 1632 1421 1677 Natura
1453 1643 1498 1674 m
1537 1614 1603 1674 'A-

323 1695 593 1744 nimantibus
660 1713 938 1744 constantem
990 1697 1078 1773 phy
1083 1697 1350 1744 sionomiam
1408 1708 1549 1740 servat
1583 1714 1602 1748 ,-

323 1780 446 1812 secus
481 1779 530 1808 ac
565 1764 610 1809 in
647 1761 1065 1828 vegetabilibus,‘1.n
1100 1763 1262 1827 quibus
1288 1751 1606 1826 frequentissi-

327 1848 400 1877 ma
435 1829 591 1877 formae
628 1833 809 1879 variatio
843 1847 887 1880 et
921 1833 1164 1897 specierum
1202 1829 1409 1878 confusio
1444 1831 1605 1890 passim

326 1897 567 1944 advertitur
589 1934 603 1952 ,
639 1898 829 1964 ideoque
862 1900 915 1947 ad
950 1899 1247 1954 characteres,
1282 1912 1331 1944 ut
1365 1896 1418 1944 ab
1454 1893 1610 1957 hujus-

330 1965 452 2013 modi
491 1964 746 2030 ambagibus
781 1969 1043 2014 extricemur
1065 2002 1078 2021 ,
1115 1963 1498 2031 confugiendum.

462 2031 700 2080 Character
735 2069 750 2088 ,
783 2034 899 2082 idem
949 2051 999 2080 ac
1034 2034 1218 2080 Generis
1252 2030 1450 2078 definitio
1475 2066 1514 2086 ,
1511 2032 1606 2077 tri-

334 2098 430 2164 plex
463 2114 559 2145 est.
593 2098 1109 2154 Factitius,essentialis,
1119 2114 1163 2146 et
1199 2097 1443 2145 naturalis·

461 2165 698 2213 Charactet
720 2164 966 2214 essentialis
991 2180 1143 2214 notam
1181 2167 1340 2213 Generi
1376 2163 1457 2211 soli
1497 2181 1603 2228 pro-

328 2234 469 2297 priam
504 2233 702 2298 designat
730 2265 743 2286 ‚
796 2252 886 2298 qua
931 2233 1050 2282 illico
1085 2231 1140 2279 ab
1174 2230 1384 2279 omnibus
1420 2235 1604 2280 Generi-

327 2290 409 2348 bus
459 2301 653 2360 ejusdem
687 2299 854 2348 ordinis
889 2296 1097 2348 naturalis
1149 2299 1473 2365 distinguitur.
1521 2300 1606 2346 Sed

331 2384 423 2415 non
458 2381 523 2414 est
558 2366 723 2432 ubique
758 2367 974 2446 possibilis
1007 2387 1028 2421 ,·
1077 2368 1169 2414 imo
1214 2369 1340 2414 sicuti
1394 2368 1609 2431 supponit.

329 2453 486 2499 genera
521 2440 611 2498 jam
645 2437 823 2501 cognita
871 2473 885 2492 ,
931 2437 991 2483 ita
1025 2437 1059 2481 si
1095 2451 1267 2482 novum
1303 2439 1453 2481 Genus
1488 2434 1607 2480 dete-

328 2518 456 2568 gatur
498 2538 513 2560 ‚
567 2506 614 2550 in
671 2521 765 2569 quo
821 2502 939 2551 idem
973 2502 1194 2582 character
1229 2516 1464 2559 occurrat,
1500 2516 1608 2549 tunc

843 2635 846 2637 -
909 2632 926 2640 -
1494 2587 1599 2635 pso·
