<?xml version="1.0" encoding="UTF-8"?>
<!DOCTYPE html PUBLIC "-//W3C//DTD XHTML 1.0 Transitional//EN"
    "http://www.w3.org/TR/xhtml1/DTD/xhtml1-transitional.dtd">
<html xmlns="http://www.w3.org/1999/xhtml" xml:lang="en" lang="en">
 <head>
  <title>
</title>
<meta http-equiv="Content-Type" content="text/html;charset=utf-8" />
  <meta name='ocr-system' content='tesseract 3.04.00' />
  <meta name='ocr-capabilities' content='ocr_page ocr_carea ocr_par ocr_line ocrx_word'/>
</head>
<body>
  <div class='ocr_page' id='page_1' title='image "./vincentiipetagn00peta_0459.png"; bbox 0 0 1813 2974; ppageno 0'>
   <div class='ocr_carea' id='block_1_1' title="bbox 1286 216 1381 261">
    <p class='ocr_par' dir='ltr' id='par_1_1' title="bbox 1286 216 1381 261">
     <span class='ocr_line' id='line_1_1' title="bbox 1286 216 1381 261; baseline 0 0"><span class='ocrx_word' id='word_1_1' title='bbox 1286 216 1381 261; x_wconf 82' lang='lat'>441</span> 
     </span>
    </p>
   </div>
   <div class='ocr_carea' id='block_1_2' title="bbox 141 330 1377 380">
    <p class='ocr_par' dir='ltr' id='par_1_2' title="bbox 141 330 1377 380">
     <span class='ocr_line' id='line_1_2' title="bbox 141 330 1377 380; baseline 0 2594"><span class='ocrx_word' id='word_1_2' title='bbox 141 330 1377 380; x_wconf 95' lang='lat' dir='ltr'> </span> 
     </span>
    </p>
   </div>
   <div class='ocr_carea' id='block_1_3' title="bbox 368 365 1360 388">
    <p class='ocr_par' dir='ltr' id='par_1_3' title="bbox 368 365 1360 388">
     <span class='ocr_line' id='line_1_3' title="bbox 368 365 1360 388; baseline 0 2586"><span class='ocrx_word' id='word_1_3' title='bbox 368 365 1360 388; x_wconf 95' lang='lat' dir='ltr'> </span> 
     </span>
    </p>
   </div>
   <div class='ocr_carea' id='block_1_4' title="bbox 164 382 365 395">
    <p class='ocr_par' dir='ltr' id='par_1_4' title="bbox 164 382 365 395">
     <span class='ocr_line' id='line_1_4' title="bbox 164 382 365 395; baseline -0.02 0"><span class='ocrx_word' id='word_1_4' title='bbox 164 382 365 395; x_wconf 50' lang='grc' dir='ltr'>’.ι--ἀ</span> 
     </span>
    </p>
   </div>
   <div class='ocr_carea' id='block_1_5' title="bbox 250 489 1230 574">
    <p class='ocr_par' dir='ltr' id='par_1_5' title="bbox 250 489 1230 574">
     <span class='ocr_line' id='line_1_5' title="bbox 250 489 1230 574; baseline -0.006 0"><span class='ocrx_word' id='word_1_5' title='bbox 250 491 944 574; x_wconf 89' lang='lat' dir='ltr'>CLASSIS</span> <span class='ocrx_word' id='word_1_6' title='bbox 1088 489 1230 569; x_wconf 87' lang='lat' dir='ltr'>VI·</span> 
     </span>
    </p>
   </div>
   <div class='ocr_carea' id='block_1_6' title="bbox 475 675 1034 722">
    <p class='ocr_par' dir='ltr' id='par_1_6' title="bbox 475 675 1034 722">
     <span class='ocr_line' id='line_1_6' title="bbox 475 675 1034 722; baseline 0.002 -1"><span class='ocrx_word' id='word_1_7' title='bbox 475 675 1034 722; x_wconf 87' lang='lat' dir='ltr'>GLOSSATA</span> 
     </span>
    </p>
   </div>
   <div class='ocr_carea' id='block_1_7' title="bbox 103 822 1405 2296">
    <p class='ocr_par' dir='ltr' id='par_1_7' title="bbox 377 822 1180 941">
     <span class='ocr_line' id='line_1_7' title="bbox 377 822 1180 941; baseline -0.002 -68"><span class='ocrx_word' id='word_1_8' title='bbox 377 829 526 941; x_wconf 75' lang='lat' dir='ltr'>OS</span> <span class='ocrx_word' id='word_1_9' title='bbox 560 826 710 891; x_wconf 78' lang='lat' dir='ltr'>lingua</span> <span class='ocrx_word' id='word_1_10' title='bbox 745 823 891 886; x_wconf 77' lang='lat' dir='ltr'>spirali</span> <span class='ocrx_word' id='word_1_11' title='bbox 928 822 1180 888; x_wconf 86' lang='lat' dir='ltr'>palpisque:</span> 
     </span>
    </p>

    <p class='ocr_par' dir='ltr' id='par_1_8' title="bbox 537 889 1395 956">
     <span class='ocr_line' id='line_1_8' title="bbox 537 889 1395 956; baseline -0.003 -16"><span class='ocrx_word' id='word_1_12' title='bbox 537 894 717 955; x_wconf 83' lang='lat' dir='ltr'><strong>Absque</strong></span> <span class='ocrx_word' id='word_1_13' title='bbox 739 890 1020 944; x_wconf 70' lang='lat' dir='ltr'>mandibulis,</span> <span class='ocrx_word' id='word_1_14' title='bbox 1041 890 1240 945; x_wconf 84' lang='lat' dir='ltr'><strong>maxillis,</strong></span> <span class='ocrx_word' id='word_1_15' title='bbox 1262 889 1395 956; x_wconf 54' lang='lat' dir='ltr'>(abio.</span> 
     </span>
    </p>

    <p class='ocr_par' dir='ltr' id='par_1_9' title="bbox 109 957 1397 1095">
     <span class='ocr_line' id='line_1_9' title="bbox 109 957 1397 1029; baseline -0.004 -20"><span class='ocrx_word' id='word_1_16' title='bbox 109 962 281 1029; x_wconf 77' lang='lat' dir='ltr'>Clypeus</span> <span class='ocrx_word' id='word_1_17' title='bbox 313 960 596 1009; x_wconf 84' lang='lat' dir='ltr'>brevissimus</span> <span class='ocrx_word' id='word_1_18' title='bbox 619 974 836 1015; x_wconf 74' lang='lat' dir='ltr'>,corneus</span> <span class='ocrx_word' id='word_1_19' title='bbox 870 959 1039 1024; x_wconf 82' lang='lat' dir='ltr'><strong>integer</strong></span> <span class='ocrx_word' id='word_1_20' title='bbox 1062 993 1077 1013; x_wconf 90' lang='lat'><em>,</em></span> <span class='ocrx_word' id='word_1_21' title='bbox 1111 957 1271 1024; x_wconf 75' lang='lat' dir='ltr'>lingua:</span> <span class='ocrx_word' id='word_1_22' title='bbox 1307 960 1397 1023; x_wconf 85' lang='lat' dir='ltr'>spi-</span> 
     </span>
     <span class='ocr_line' id='line_1_10' title="bbox 171 1028 634 1095; baseline 0.006 -21"><span class='ocrx_word' id='word_1_23' title='bbox 171 1029 268 1076; x_wconf 82' lang='lat' dir='ltr'>talis</span> <span class='ocrx_word' id='word_1_24' title='bbox 303 1028 424 1076; x_wconf 89' lang='lat' dir='ltr'>basin</span> <span class='ocrx_word' id='word_1_25' title='bbox 459 1044 634 1095; x_wconf 83' lang='lat' dir='ltr'>tegens.</span> 
     </span>
    </p>

    <p class='ocr_par' dir='ltr' id='par_1_10' title="bbox 104 1091 1396 1225">
     <span class='ocr_line' id='line_1_11' title="bbox 104 1091 1395 1163; baseline -0.005 -20"><span class='ocrx_word' id='word_1_26' title='bbox 104 1095 234 1163; x_wconf 74' lang='lat' dir='ltr'>Palpi</span> <span class='ocrx_word' id='word_1_27' title='bbox 271 1097 362 1144; x_wconf 89' lang='lat' dir='ltr'>duo</span> <span class='ocrx_word' id='word_1_28' title='bbox 383 1133 396 1152; x_wconf 87' lang='lat'>‚</span> <span class='ocrx_word' id='word_1_29' title='bbox 434 1097 658 1144; x_wconf 88' lang='lat' dir='ltr'>interdum</span> <span class='ocrx_word' id='word_1_30' title='bbox 693 1108 888 1159; x_wconf 82' lang='lat' dir='ltr'>quatuor</span> <span class='ocrx_word' id='word_1_31' title='bbox 908 1129 921 1150; x_wconf 85' lang='lat'>,</span> <span class='ocrx_word' id='word_1_32' title='bbox 943 1093 1184 1159; x_wconf 73' lang='lat' dir='ltr'>compressi</span> <span class='ocrx_word' id='word_1_33' title='bbox 1206 1130 1220 1150; x_wconf 92' lang='lat'><strong><em>,</em></strong></span> <span class='ocrx_word' id='word_1_34' title='bbox 1246 1091 1395 1157; x_wconf 79' lang='lat' dir='ltr'><strong>pilosi,</strong></span> 
     </span>
     <span class='ocr_line' id='line_1_12' title="bbox 172 1159 1396 1225; baseline 0.001 -18"><span class='ocrx_word' id='word_1_35' title='bbox 172 1159 351 1217; x_wconf 81' lang='lat' dir='ltr'>reflexi,</span> <span class='ocrx_word' id='word_1_36' title='bbox 388 1164 470 1212; x_wconf 87' lang='lat' dir='ltr'>sub</span> <span class='ocrx_word' id='word_1_37' title='bbox 503 1182 580 1211; x_wconf 90' lang='lat' dir='ltr'>ore</span> <span class='ocrx_word' id='word_1_38' title='bbox 613 1166 798 1217; x_wconf 84' lang='lat' dir='ltr'>inserti,</span> <span class='ocrx_word' id='word_1_39' title='bbox 844 1162 1055 1225; x_wconf 83' lang='lat' dir='ltr'>idemque</span> <span class='ocrx_word' id='word_1_40' title='bbox 1088 1179 1138 1209; x_wconf 91' lang='lat' dir='ltr'>os</span> <span class='ocrx_word' id='word_1_41' title='bbox 1174 1176 1396 1225; x_wconf 78' lang='lat' dir='ltr'>tegentes.</span> 
     </span>
    </p>

    <p class='ocr_par' dir='ltr' id='par_1_11' title="bbox 103 1227 1397 1489">
     <span class='ocr_line' id='line_1_13' title="bbox 103 1227 1397 1296; baseline -0.003 -18"><span class='ocrx_word' id='word_1_42' title='bbox 103 1227 282 1295; x_wconf 79' lang='lat' dir='ltr'><em>Lingua</em></span> <span class='ocrx_word' id='word_1_43' title='bbox 317 1231 485 1296; x_wconf 84' lang='lat' dir='ltr'>spiralis</span> <span class='ocrx_word' id='word_1_44' title='bbox 518 1246 719 1295; x_wconf 79' lang='lat' dir='ltr'>porrecta</span> <span class='ocrx_word' id='word_1_45' title='bbox 740 1266 753 1284; x_wconf 89' lang='lat'>,</span> <span class='ocrx_word' id='word_1_46' title='bbox 788 1230 990 1277; x_wconf 66' lang='lat' dir='ltr'>involuta</span> <span class='ocrx_word' id='word_1_47' title='bbox 1013 1267 1026 1287; x_wconf 90' lang='lat'>‚</span> <span class='ocrx_word' id='word_1_48' title='bbox 1062 1244 1256 1283; x_wconf 71' lang='lat' dir='ltr'>setacea,</span> <span class='ocrx_word' id='word_1_49' title='bbox 1290 1245 1397 1274; x_wconf 87' lang='lat' dir='ltr'>cor-</span> 
     </span>
     <span class='ocr_line' id='line_1_14' title="bbox 171 1296 1395 1359; baseline -0.002 -15"><span class='ocrx_word' id='word_1_50' title='bbox 171 1316 252 1346; x_wconf 81' lang='lat' dir='ltr'>nea</span> <span class='ocrx_word' id='word_1_51' title='bbox 278 1330 292 1350; x_wconf 60' lang='grc' dir='ltr'>ι,</span> <span class='ocrx_word' id='word_1_52' title='bbox 325 1300 394 1347; x_wconf 88' lang='lat' dir='ltr'>vel</span> <span class='ocrx_word' id='word_1_53' title='bbox 430 1298 758 1346; x_wconf 79' lang='lat' dir='ltr'>membranacea</span> <span class='ocrx_word' id='word_1_54' title='bbox 779 1332 794 1352; x_wconf 90' lang='lat'><strong>,</strong></span> <span class='ocrx_word' id='word_1_55' title='bbox 829 1296 990 1344; x_wconf 67' lang='lat' dir='ltr'>bifida:</span> <span class='ocrx_word' id='word_1_56' title='bbox 1042 1296 1206 1344; x_wconf 80' lang='lat' dir='ltr'>laciniis</span> <span class='ocrx_word' id='word_1_57' title='bbox 1243 1313 1395 1359; x_wconf 86' lang='lat' dir='ltr'>aequa-</span> 
     </span>
     <span class='ocr_line' id='line_1_15' title="bbox 169 1364 1393 1429; baseline -0.002 -18"><span class='ocrx_word' id='word_1_58' title='bbox 169 1364 285 1413; x_wconf 86' lang='lat' dir='ltr'>libus</span> <span class='ocrx_word' id='word_1_59' title='bbox 308 1398 320 1417; x_wconf 55' lang='lat'>³</span> <span class='ocrx_word' id='word_1_60' title='bbox 355 1370 493 1414; x_wconf 85' lang='lat' dir='ltr'>acutis</span> <span class='ocrx_word' id='word_1_61' title='bbox 518 1399 530 1418; x_wconf 89' lang='lat'><em>‚</em></span> <span class='ocrx_word' id='word_1_62' title='bbox 566 1367 685 1412; x_wconf 88' lang='lat' dir='ltr'>intus</span> <span class='ocrx_word' id='word_1_63' title='bbox 719 1364 1015 1412; x_wconf 80' lang='lat' dir='ltr'>canaliculatis</span> <span class='ocrx_word' id='word_1_64' title='bbox 1038 1400 1052 1421; x_wconf 85' lang='grc'>,</span> <span class='ocrx_word' id='word_1_65' title='bbox 1090 1366 1202 1411; x_wconf 84' lang='lat' dir='ltr'>inter</span> <span class='ocrx_word' id='word_1_66' title='bbox 1237 1364 1393 1429; x_wconf 81' lang='lat' dir='ltr'>palpes</span> 
     </span>
     <span class='ocr_line' id='line_1_16' title="bbox 174 1432 563 1489; baseline 0.008 -11"><span class='ocrx_word' id='word_1_67' title='bbox 174 1432 368 1489; x_wconf 84' lang='lat' dir='ltr'>inserta,</span> <span class='ocrx_word' id='word_1_68' title='bbox 402 1433 563 1481; x_wconf 86' lang='lat' dir='ltr'>latens.</span> 
     </span>
    </p>

    <p class='ocr_par' dir='ltr' id='par_1_12' title="bbox 108 1498 1399 1818">
     <span class='ocr_line' id='line_1_17' title="bbox 108 1498 1398 1568; baseline -0.005 -18"><span class='ocrx_word' id='word_1_69' title='bbox 108 1505 312 1550; x_wconf 68' lang='lat' dir='ltr'>Antennae</span> <span class='ocrx_word' id='word_1_70' title='bbox 347 1502 566 1568; x_wconf 13' lang='lat' dir='ltr'>elongatae*</span> <span class='ocrx_word' id='word_1_71' title='bbox 596 1501 710 1546; x_wconf 82' lang='lat' dir='ltr'>inter</span> <span class='ocrx_word' id='word_1_72' title='bbox 742 1498 899 1548; x_wconf 90' lang='lat' dir='ltr'>oculos</span> <span class='ocrx_word' id='word_1_73' title='bbox 934 1501 1086 1564; x_wconf 82' lang='lat' dir='ltr'>positae</span> <span class='ocrx_word' id='word_1_74' title='bbox 1110 1532 1122 1553; x_wconf 76' lang='grc'><em>,</em></span> <span class='ocrx_word' id='word_1_75' title='bbox 1160 1516 1259 1564; x_wconf 85' lang='lat' dir='ltr'>quae</span> <span class='ocrx_word' id='word_1_76' title='bbox 1296 1505 1398 1544; x_wconf 66' lang='lat' dir='ltr'>moa&#39;</span> 
     </span>
     <span class='ocr_line' id='line_1_18' title="bbox 171 1565 1397 1636; baseline -0.002 -22"><span class='ocrx_word' id='word_1_77' title='bbox 171 1568 233 1614; x_wconf 88' lang='lat' dir='ltr'>do</span> <span class='ocrx_word' id='word_1_78' title='bbox 267 1572 439 1617; x_wconf 65' lang='lat' dir='ltr'>clavata</span> <span class='ocrx_word' id='word_1_79' title='bbox 461 1605 474 1624; x_wconf 89' lang='lat'>‚</span> <span class='ocrx_word' id='word_1_80' title='bbox 509 1568 649 1616; x_wconf 87' lang='lat' dir='ltr'>modo</span> <span class='ocrx_word' id='word_1_81' title='bbox 685 1568 903 1636; x_wconf 67' lang='lat' dir='ltr'>pectinata</span> <span class='ocrx_word' id='word_1_82' title='bbox 924 1602 939 1622; x_wconf 91' lang='lat'>,</span> <span class='ocrx_word' id='word_1_83' title='bbox 988 1584 1032 1614; x_wconf 76' lang='lat' dir='ltr'>et</span> <span class='ocrx_word' id='word_1_84' title='bbox 1080 1569 1218 1614; x_wconf 88' lang='lat' dir='ltr'>modo</span> <span class='ocrx_word' id='word_1_85' title='bbox 1255 1565 1397 1612; x_wconf 76' lang='lat' dir='ltr'>moni-</span> 
     </span>
     <span class='ocr_line' id='line_1_19' title="bbox 175 1633 1398 1698; baseline -0.002 -18"><span class='ocrx_word' id='word_1_86' title='bbox 175 1633 360 1696; x_wconf 82' lang='lat' dir='ltr'>liformes</span> <span class='ocrx_word' id='word_1_87' title='bbox 381 1673 395 1693; x_wconf 91' lang='lat'>‚</span> <span class='ocrx_word' id='word_1_88' title='bbox 421 1636 672 1698; x_wconf 82' lang='lat' dir='ltr'>filiformes,</span> <span class='ocrx_word' id='word_1_89' title='bbox 712 1636 779 1682; x_wconf 87' lang='lat' dir='ltr'>vel</span> <span class='ocrx_word' id='word_1_90' title='bbox 812 1651 973 1682; x_wconf 71' lang='lat' dir='ltr'>setaceae</span> <span class='ocrx_word' id='word_1_91' title='bbox 1011 1650 1145 1682; x_wconf 80' lang='lat' dir='ltr'>sunt.</span> <span class='ocrx_word' id='word_1_92' title='bbox 1203 1639 1255 1680; x_wconf 76' lang='lat'>111</span> <span class='ocrx_word' id='word_1_93' title='bbox 1292 1634 1398 1695; x_wconf 86' lang='lat' dir='ltr'>qui-</span> 
     </span>
     <span class='ocr_line' id='line_1_20' title="bbox 174 1700 1399 1768; baseline -0.001 -20"><span class='ocrx_word' id='word_1_94' title='bbox 174 1700 364 1750; x_wconf 80' lang='lat' dir='ltr'>busdam</span> <span class='ocrx_word' id='word_1_95' title='bbox 414 1718 561 1751; x_wconf 84' lang='lat' dir='ltr'>autem</span> <span class='ocrx_word' id='word_1_96' title='bbox 607 1718 757 1749; x_wconf 81' lang='lat' dir='ltr'>crassae</span> <span class='ocrx_word' id='word_1_97' title='bbox 792 1716 836 1747; x_wconf 85' lang='lat' dir='ltr'>et</span> <span class='ocrx_word' id='word_1_98' title='bbox 882 1701 1095 1767; x_wconf 66' lang='lat' dir='ltr'>angulatae</span> <span class='ocrx_word' id='word_1_99' title='bbox 1117 1735 1130 1754; x_wconf 94' lang='lat'>‚</span> <span class='ocrx_word' id='word_1_100' title='bbox 1164 1702 1253 1748; x_wconf 84' lang='lat' dir='ltr'>sive</span> <span class='ocrx_word' id='word_1_101' title='bbox 1284 1700 1399 1768; x_wconf 74' lang='lat' dir='ltr'>pris-</span> 
     </span>
     <span class='ocr_line' id='line_1_21' title="bbox 176 1787 370 1818; baseline 0 0"><span class='ocrx_word' id='word_1_102' title='bbox 176 1787 370 1818; x_wconf 67' lang='lat' dir='ltr'>manca.</span> 
     </span>
    </p>

    <p class='ocr_par' dir='ltr' id='par_1_13' title="bbox 104 1834 1405 2296">
     <span class='ocr_line' id='line_1_22' title="bbox 242 1834 1399 1903; baseline -0.001 -20"><span class='ocrx_word' id='word_1_103' title='bbox 242 1836 560 1892; x_wconf 77' lang='lat' dir='ltr'>Characteres,</span> <span class='ocrx_word' id='word_1_104' title='bbox 606 1834 768 1903; x_wconf 88' lang='lat' dir='ltr'>quibus</span> <span class='ocrx_word' id='word_1_105' title='bbox 820 1836 1154 1901; x_wconf 76' lang='lat' dir='ltr'>distinguuntur</span> <span class='ocrx_word' id='word_1_106' title='bbox 1190 1834 1399 1884; x_wconf 83' lang='lat' dir='ltr'>naturalis</span> 
     </span>
     <span class='ocr_line' id='line_1_23' title="bbox 104 1902 1398 1966; baseline -0.003 -14"><span class='ocrx_word' id='word_1_107' title='bbox 104 1905 235 1966; x_wconf 81' lang='lat' dir='ltr'>hujus</span> <span class='ocrx_word' id='word_1_108' title='bbox 270 1904 429 1953; x_wconf 81' lang='lat' dir='ltr'>Classis</span> <span class='ocrx_word' id='word_1_109' title='bbox 464 1909 632 1951; x_wconf 81' lang='lat' dir='ltr'>Insecta</span> <span class='ocrx_word' id='word_1_110' title='bbox 654 1941 668 1960; x_wconf 89' lang='lat'>,</span> <span class='ocrx_word' id='word_1_111' title='bbox 703 1902 953 1952; x_wconf 70' lang='lat' dir='ltr'>consistunt</span> <span class='ocrx_word' id='word_1_112' title='bbox 987 1907 1032 1951; x_wconf 88' lang='lat' dir='ltr'>in</span> <span class='ocrx_word' id='word_1_113' title='bbox 1080 1905 1169 1950; x_wconf 86' lang='lat' dir='ltr'>oris</span> <span class='ocrx_word' id='word_1_114' title='bbox 1206 1917 1398 1953; x_wconf 82' lang='lat' dir='ltr'>structu·</span> 
     </span>
     <span class='ocr_line' id='line_1_24' title="bbox 104 1970 1401 2036; baseline -0.003 -15"><span class='ocrx_word' id='word_1_115' title='bbox 104 1991 152 2021; x_wconf 82' lang='lat' dir='ltr'>ra</span> <span class='ocrx_word' id='word_1_116' title='bbox 193 2005 206 2021; x_wconf 57' lang='lat'><em>2</em></span> <span class='ocrx_word' id='word_1_117' title='bbox 254 1986 298 2018; x_wconf 88' lang='lat' dir='ltr'>et</span> <span class='ocrx_word' id='word_1_118' title='bbox 330 1970 498 2019; x_wconf 81' lang='lat' dir='ltr'>alarum</span> <span class='ocrx_word' id='word_1_119' title='bbox 550 1973 748 2036; x_wconf 86' lang='lat' dir='ltr'>squamis</span> <span class='ocrx_word' id='word_1_120' title='bbox 786 2008 798 2019; x_wconf 93' lang='lat'><strong>.</strong></span> <span class='ocrx_word' id='word_1_121' title='bbox 854 1970 988 2018; x_wconf 87' lang='lat' dir='ltr'>Unde</span> <span class='ocrx_word' id='word_1_122' title='bbox 1032 1987 1198 2018; x_wconf 85' lang='lat' dir='ltr'>nomen</span> <span class='ocrx_word' id='word_1_123' title='bbox 1255 1971 1401 2018; x_wconf 87' lang='lat' dir='ltr'>eidem</span> 
     </span>
     <span class='ocr_line' id='line_1_25' title="bbox 108 2037 1401 2102; baseline -0.002 -16"><span class='ocrx_word' id='word_1_124' title='bbox 108 2039 248 2099; x_wconf 76' lang='lat' dir='ltr'>Classi</span> <span class='ocrx_word' id='word_1_125' title='bbox 281 2039 474 2085; x_wconf 83' lang='lat' dir='ltr'>inditum</span> <span class='ocrx_word' id='word_1_126' title='bbox 509 2056 532 2084; x_wconf 88' lang='lat' dir='ltr'>a</span> <span class='ocrx_word' id='word_1_127' title='bbox 568 2037 744 2085; x_wconf 89' lang='lat' dir='ltr'>duobus</span> <span class='ocrx_word' id='word_1_128' title='bbox 777 2038 849 2088; x_wconf 89' lang='lat' dir='ltr'>Cl.</span> <span class='ocrx_word' id='word_1_129' title='bbox 884 2038 1196 2102; x_wconf 81' lang='lat' dir='ltr'>Entomologis</span> <span class='ocrx_word' id='word_1_130' title='bbox 1231 2059 1241 2087; x_wconf 90' lang='lat'>:</span> <span class='ocrx_word' id='word_1_131' title='bbox 1298 2040 1401 2084; x_wconf 81' lang='lat' dir='ltr'>Lin-</span> 
     </span>
     <span class='ocr_line' id='line_1_26' title="bbox 110 2105 1402 2169; baseline 0.001 -17"><span class='ocrx_word' id='word_1_132' title='bbox 110 2124 208 2153; x_wconf 86' lang='lat' dir='ltr'>naeo</span> <span class='ocrx_word' id='word_1_133' title='bbox 243 2123 303 2154; x_wconf 90' lang='lat' dir='ltr'>sc.</span> <span class='ocrx_word' id='word_1_134' title='bbox 337 2120 382 2154; x_wconf 87' lang='lat' dir='ltr'>et</span> <span class='ocrx_word' id='word_1_135' title='bbox 415 2105 612 2153; x_wconf 80' lang='lat' dir='ltr'>Fabricio</span> <span class='ocrx_word' id='word_1_136' title='bbox 633 2142 643 2153; x_wconf 88' lang='lat'><strong>.</strong></span> <span class='ocrx_word' id='word_1_137' title='bbox 681 2107 768 2152; x_wconf 83' lang='lat' dir='ltr'>Hic</span> <span class='ocrx_word' id='word_1_138' title='bbox 804 2105 1006 2153; x_wconf 81' lang='lat' dir='ltr'>Glossata</span> <span class='ocrx_word' id='word_1_139' title='bbox 1041 2105 1275 2169; x_wconf 78' lang='lat' dir='ltr'>appellavit</span> <span class='ocrx_word' id='word_1_140' title='bbox 1309 2105 1402 2153; x_wconf 80' lang='lat' dir='ltr'>haec</span> 
     </span>
     <span class='ocr_line' id='line_1_27' title="bbox 110 2172 1404 2238; baseline -0.002 -18"><span class='ocrx_word' id='word_1_141' title='bbox 110 2179 280 2220; x_wconf 77' lang='lat' dir='ltr'>Insecta</span> <span class='ocrx_word' id='word_1_142' title='bbox 303 2210 316 2231; x_wconf 89' lang='lat'>,</span> <span class='ocrx_word' id='word_1_143' title='bbox 351 2174 477 2238; x_wconf 87' lang='lat' dir='ltr'>quod</span> <span class='ocrx_word' id='word_1_144' title='bbox 510 2172 661 2238; x_wconf 85' lang='lat' dir='ltr'>lingua</span> <span class='ocrx_word' id='word_1_145' title='bbox 694 2172 840 2236; x_wconf 82' lang='lat' dir='ltr'>spirali</span> <span class='ocrx_word' id='word_1_146' title='bbox 876 2174 1055 2236; x_wconf 82' lang='lat' dir='ltr'>praedita</span> <span class='ocrx_word' id='word_1_147' title='bbox 1090 2188 1240 2220; x_wconf 87' lang='lat' dir='ltr'>carent</span> <span class='ocrx_word' id='word_1_148' title='bbox 1290 2190 1404 2218; x_wconf 82' lang='lat' dir='ltr'>max-</span> 
     </span>
     <span class='ocr_line' id='line_1_28' title="bbox 112 2239 1405 2296; baseline 0.002 -9"><span class='ocrx_word' id='word_1_149' title='bbox 112 2240 252 2291; x_wconf 66' lang='lat' dir='ltr'>xlmis,</span> <span class='ocrx_word' id='word_1_150' title='bbox 290 2239 553 2289; x_wconf 83' lang='lat' dir='ltr'>mandibulis</span> <span class='ocrx_word' id='word_1_151' title='bbox 575 2276 589 2296; x_wconf 92' lang='lat'><strong>,</strong></span> <span class='ocrx_word' id='word_1_152' title='bbox 625 2255 670 2289; x_wconf 86' lang='lat' dir='ltr'>et</span> <span class='ocrx_word' id='word_1_153' title='bbox 702 2240 850 2288; x_wconf 84' lang='lat' dir='ltr'>labio:</span> <span class='ocrx_word' id='word_1_154' title='bbox 903 2244 1106 2288; x_wconf 81' lang='lat' dir='ltr'>Linuaeus</span> <span class='ocrx_word' id='word_1_155' title='bbox 1141 2257 1288 2288; x_wconf 84' lang='lat' dir='ltr'>autem</span> <span class='ocrx_word' id='word_1_156' title='bbox 1326 2243 1405 2289; x_wconf 82' lang='lat' dir='ltr'>Le-</span> 
     </span>
    </p>
   </div>
   <div class='ocr_carea' id='block_1_8' title="bbox 117 2307 1407 2424">
    <p class='ocr_par' dir='ltr' id='par_1_14' title="bbox 117 2307 1407 2424">
     <span class='ocr_line' id='line_1_29' title="bbox 117 2307 1407 2375; baseline 0.003 -23"><span class='ocrx_word' id='word_1_157' title='bbox 117 2308 348 2371; x_wconf 81' lang='lat' dir='ltr'>pidoptera</span> <span class='ocrx_word' id='word_1_158' title='bbox 383 2307 488 2357; x_wconf 84' lang='lat' dir='ltr'>dixit</span> <span class='ocrx_word' id='word_1_159' title='bbox 522 2323 703 2374; x_wconf 80' lang='lat' dir='ltr'>propter</span> <span class='ocrx_word' id='word_1_160' title='bbox 736 2308 823 2358; x_wconf 81' lang='lat' dir='ltr'>alas</span> <span class='ocrx_word' id='word_1_161' title='bbox 849 2310 1046 2375; x_wconf 83' lang='lat' dir='ltr'>squamis</span> <span class='ocrx_word' id='word_1_162' title='bbox 1074 2307 1312 2356; x_wconf 77' lang='lat' dir='ltr'>imbricatis</span> <span class='ocrx_word' id='word_1_163' title='bbox 1334 2327 1407 2358; x_wconf 85' lang='lat' dir='ltr'>or-</span> 
     </span>
     <span class='ocr_line' id='line_1_30' title="bbox 120 2388 277 2424; baseline 0.019 -3"><span class='ocrx_word' id='word_1_164' title='bbox 120 2388 242 2421; x_wconf 83' lang='lat' dir='ltr'>natas</span> <span class='ocrx_word' id='word_1_165' title='bbox 264 2410 277 2424; x_wconf 87' lang='lat'><strong>.</strong></span> 
     </span>
    </p>
   </div>
   <div class='ocr_carea' id='block_1_9' title="bbox 866 2512 1405 2575">
    <p class='ocr_par' dir='ltr' id='par_1_15' title="bbox 866 2512 1405 2575">
     <span class='ocr_line' id='line_1_31' title="bbox 866 2512 1405 2575; baseline 0.009 -17"><span class='ocrx_word' id='word_1_166' title='bbox 866 2512 903 2558; x_wconf 88' lang='lat' dir='ltr'>E</span> <span class='ocrx_word' id='word_1_167' title='bbox 937 2525 963 2556; x_wconf 86' lang='lat' dir='ltr'>e</span> <span class='ocrx_word' id='word_1_168' title='bbox 1294 2519 1405 2575; x_wconf 82' lang='lat'>146.</span> 
     </span>
    </p>
   </div>
  </div>
 </body>
</html>
