1813 2974
443 231 539 274 714

442 299 589 347 Unica
634 295 767 355 hujus
821 291 981 356 species
1014 291 1192 337 inventa
1224 288 1269 335 in
1307 289 1495 355 Georgfa
1531 292 1703 343 Ameri-

506 381 565 410 cae
605 396 615 412 ,
653 362 809 408 habitu
843 359 1058 407 Cimicem
1095 356 1315 409 referens,
1338 371 1381 402 et
1416 374 1444 401 a
1473 357 1543 406 (ΣΙ.
1578 363 1703 408 Swe.

503 433 609 478 dero
644 431 691 475 in
724 443 811 478 act.
849 443 957 475 nov.
991 423 1245 472 Stocxolm.
1285 439 1425 484 1773·
1459 423 1596 478 tab.8.
1628 427 1704 496 fig.

508 515 549 546 1.
585 496 827 560 descripta.

702 626 932 676 DIOPSIS
970 624 1103 674 Dahl.

442 704 582 763 Caput
617 695 845 744 cornubus
881 691 1059 740 duobus
1081 723 1093 744 ‚
1123 688 1406 740 filiformibus
1440 709 1532 741 non
1550 691 1707 742 articu-

500 765 633 816 latis,
683 763 822 826 capite
869 758 1014 807 multo
1064 757 1345 824 longioribus
1381 793 1398 814 ,
1451 760 1608 809 oculos
1655 762 1703 809 in

498 831 620 894 apice
654 826 908 894 gerentibus
930 863 941 874 .
1483 850 1486 853 ·

432 895 660 962 Singulate
694 894 780 942 hoc
813 898 1034 941 Insectum
1067 892 1114 938 in
1152 893 1354 940 America
1388 896 1709 956 septentriona-

497 964 529 1015 li
563 977 607 1009 et
641 963 809 1010 Guinea
842 963 1073 1007 inventum
1104 989 1117 1010 ι,
1150 958 1418 1023 descriptum
1454 960 1639 1006 habetur
1671 977 1696 1006 a

498 1028 614 1078 Dahl
648 1030 694 1076 in
713 1031 890 1078 Dissert.
908 1026 1030 1090 bigas
1051 1030 1328 1073 Inseetorum
1346 1028 1520 1074 sistente
1539 1025 1695 1088 Upsal.

498 1115 569 1145 an.
598 1112 769 1156 1775„
806 1093 1087 1158 etdepictum
1121 1110 1146 1140 a
1178 1092 1327 1154 Fuesly
1361 1094 1408 1140 in
1429 1091 1566 1143 Arch.
1602 1098 1694 1144 Ius·

501 1181 540 1213 ι.
572 1162 662 1212 tab.
699 1167 746 1212 6.
1009 1165 1038 1202 ἱ

700 1293 1112 1343 HYDRACHNA
1147 1292 1366 1340 Mulleri.

434 1371 575 1432 Caput
611 1396 624 1414 ,
660 1360 814 1410 thorax
833 1397 848 1418 ,
881 1374 925 1406 et
956 1358 1180 1406 abdomen
1212 1358 1400 1411 coalita„

431 1430 564 1499 Palpi
601 1429 694 1476 duo
727 1424 971 1476 articulati.

436 1497 571 1546 Oculi
605 1496 696 1543 duo
734 1525 748 1547 ‚
781 1507 976 1561 quatuor
1010 1520 1024 1545 ‚
1058 1507 1159 1541 sex.

435 1565 569 1612 Pedes
604 1577 710 1610 octo
730 1599 743 1610 .

432 1634 698 1683 Numerosae
750 1644 993 1678 occurrunt
1025 1622 1157 1684 huius
1202 1623 1365 1689 species
1400 1659 1414 1679 ‚
1463 1641 1618 1674 omnes
1650 1627 1701 1676 in

498 1697 625 1761 aquis
657 1695 859 1760 degentes
895 1733 910 1753 ,
952 1711 997 1744 et
1046 1708 1072 1737 a
1104 1691 1175 1740 Cl.
1212 1694 1410 1742 Mullero
1440 1692 1661 1742 illustratae
1681 1732 1694 1744 .

499 1768 649 1810 Genus
685 1762 809 1826 quasi
841 1763 1037 1810 medium
1069 1759 1182 1805 inter
1219 1759 1387 1809 Acaros
1418 1774 1463 1809 et
1483 1763 1690 1812 Araneas.

499 1829 764 1897 Tipularum
799 1826 928 1883 larvis
960 1844 1006 1880 et
1039 1822 1293 1876 monoculis
1325 1830 1528 1880 victitant
1547 1861 1561 1876 .

1571 2514 1697 2569 812132‘
