1813 2974
454 284 515 341 48
653 283 749 327 DE
804 279 1550 327 DENOMINATIONE

586 364 686 413 Post
720 367 1036 428 Synonymiam
1073 368 1253 413 varietas
1288 363 1405 410 illius
1442 398 1457 418 ,
1508 364 1542 411 si
1586 361 1698 410 adsit
1717 382 1738 417 ‚-

451 449 495 482 et
529 431 685 480 deinde
717 430 842 479 locus
878 434 1115 479 nativitatis
1138 469 1152 488 ,
1173 431 1239 477 vel
1260 430 1471 477 domicilii
1493 467 1503 478 .
1522 432 1733 478 Nomen-

448 517 540 565 que
576 501 823 549 Inventoris
859 500 1318 564 non-negligendum,
1358 499 1392 543 si
1416 513 1732 563 cognoscatur.

448 569 708 631 Omniaque
745 567 789 613 in
823 567 1033 613 distinctis
1069 564 1347 630 paragraphis
1370 599 1381 611 .

582 636 878 698 Subjungetur
915 634 1152 696 descriptio
1188 631 1379 687 Insecti‚
1416 649 1514 698 quae
1537 632 1732 694 primum

443 699 639 749 exhibeat
684 716 816 765 caput
851 737 865 756 ,
914 700 1073 748 deinde
1125 699 1351 747 thoracem
1391 734 1406 754 ‚
1457 698 1689 746 scutellum
1716 735 1732 755 ‚

443 766 664 816 abdomen
685 804 699 825 ,
736 768 921 816 caudam
942 803 957 824 ,
991 769 1076 815 alas
1099 803 1112 823 ,
1147 767 1327 813 halteres
1347 801 1363 821 ,
1398 768 1590 829 pectines
1611 800 1626 820 ,
1646 782 1727 828 pe-

442 835 518 883 des
553 869 566 884 .
604 836 807 883 Tandem
843 835 1125 884 adnotabitur
1161 835 1286 882 color
1321 866 1333 887 ‚
1367 850 1574 880 mensura
1615 850 1726 897 pro·
1794 857 1797 859 ·

436 903 700 971 portionalis
728 939 741 959 ,
779 903 983 957 habitus,
1021 906 1067 949 δε
1103 901 1477 964 metamorphosis
1514 918 1617 948 cum
1653 900 1729 947 de·

436 972 682 1036 scriptione
719 969 847 1018 larvae
886 976 932 1018 δε
971 987 1132 1036 pupae.
1169 968 1469 1017 I'llustrabitur
1507 973 1668 1015 Icone.
1710 973 1711 976 ’

573 1043 686 1096 Quae
739 1037 794 1085 ad
842 1035 1080 1102 perfectam
1118 1037 1504 1099 adumbrationem
1539 1037 1728 1082 concin-

440 1103 634 1154 nandam
667 1104 885 1171 pertinent
939 1135 952 1158 ‚
1001 1107 1196 1168 exposita
1231 1102 1451 1150 habentur
1503 1104 1548 1149 in
1609 1120 1648 1150 1.
1682 1107 1730 1149 δε

441 1190 488 1219 2.
544 1170 752 1222 sectione
787 1172 916 1234 hujus
951 1171 1155 1236 opusculi
1190 1208 1203 1228 ,
1241 1185 1373 1217 restat
1407 1170 1727 1217 tantummodo

437 1237 589 1303 aliqua
639 1239 894 1288 subnectere
943 1239 998 1287 de
1052 1240 1183 1286 Locis
1219 1236 1434 1285 natalibus
1471 1272 1487 1291 ,
1527 1240 1726 1300 Tempo-

437 1305 560 1354 ribus
592 1342 608 1363 ,
660 1308 957 1361 OEconomia‚
996 1311 1042 1355 δε
1077 1324 1159 1353 usu
1195 1310 1476 1356 Insectorum
1499 1324 1518 1360 ,-
1555 1304 1608 1353 de
1644 1305 1714 1352 his

433 1377 572 1445 igitur
606 1377 655 1429 in
687 1375 969 1445 sequentibus
1003 1372 1218 1444 capitibus
1239 1408 1250 1421 .

1013 1828 1167 1898 &wne

1499 2529 1710 2590 CAPUT
