1813 2974
547 706 630 760 DE
663 704 1026 762 SYSTEMATE
1059 704 1580 760 ENTOMOLOGICO
1600 742 1613 754 .

453 866 704 969 SYstema
738 920 1121 986 entomologicum
1142 922 1294 987 ,quod
1325 922 1443 971 idem
1478 939 1542 971 est
1577 941 1625 971 ae
1649 928 1726 970 In-

440 1005 664 1037 sectorum
698 989 926 1051 dispositio
952 1024 965 1042 ‚
1000 995 1046 1036 &
1082 991 1416 1045 denominatio,
1457 1009 1649 1040 versatur
1678 993 1723 1039 in

437 1057 802 1104 determinatione
854 1057 1060 1103 omnium
1114 1061 1388 1104 Insectorum
1425 1077 1437 1111 ς
1472 1058 1581 1106 adeo
1619 1060 1725 1121 qui-

437 1123 540 1170 dem
563 1159 576 1176 ,
615 1138 664 1170 ut
699 1124 948 1186 redigantur
982 1123 1037 1169 ad
1072 1122 1270 1178 Classes,
1307 1122 1501 1170 Ordines
1527 1160 1540 1180 ,
1576 1129 1722 1174 Gene-

439 1207 519 1244 ra,
556 1190 724 1253 Species
747 1225 760 1243 ,
798 1203 840 1239 et
876 1189 1115 1237 Varietates
1151 1188 1323 1255 singula
1354 1206 1511 1240 eorum
1550 1193 1725 1241 Indivi-

437 1257 525 1303 dua
568 1291 582 1310 ,
636 1271 679 1306 et
713 1257 801 1302 suis
837 1255 1162 1319 distinguantur
1214 1256 1474 1307 nominIbus
1511 1275 1603 1303 non
1639 1274 1725 1304 so-

436 1321 533 1374 lum
569 1319 737 1372 Classes
758 1358 773 1378 ‚
809 1335 852 1372 et
888 1321 1065 1372 ordines
1095 1342 1108 1379 5
1162 1339 1317 1376 verum
1367 1325 1499 1372 etiarn
1551 1329 1721 1375 Genera

440 1405 485 1442 et
519 1391 709 1452 species.

538 1457 784 1520 Dispositio
800 1460 1076 1506 Insectorum
1112 1458 1288 1520 respicit
1307 1454 1586 1505 dissimilium
1605 1456 1725 1507 divi-

444 1525 622 1574 siones,
663 1524 962 1586 similiumque
997 1527 1332 1584 conjunctiones
1373 1555 1387 1575 2
1437 1538 1479 1569 et
1517 1524 1716 1573 methodi

440 1606 515 1637 aut
553 1593 794 1651 systematis
832 1593 1013 1638 nomine
1049 1594 1168 1640 venit
1201 1626 1216 1646 ,
1252 1608 1350 1655 quae
1384 1589 1453 1637 vel
1488 1589 1722 1640 artificialis

436 1673 501 1704 est
536 1691 549 1712 ,
582 1658 628 1702 in
664 1656 830 1705 Classes
866 1659 1076 1706 nimirum
1126 1672 1169 1707 et
1204 1660 1395 1705 Ordines
1431 1660 1599 1703 Insecta
1647 1658 1719 1704 di-

435 1722 678 1770 stribuens:
715 1721 782 1770 vel
817 1725 1022 1771 naturalis
1044 1760 1057 1778 ,
1094 1728 1350 1781 Generum,
1387 1724 1658 1786 specierum,
1684 1740 1727 1777 et

444 1793 711 1843 varietatum
747 1792 962 1837 rationem
997 1790 1189 1839 habens.

575 1858 892 1905 Denominatio
927 1860 1111 1909 uomina
1146 1863 1423 1907 Insectorurn
1485 1871 1643 1906 Statuta
1677 1874 1722 1906 et

440 1923 669 1973 statuenda
703 1924 1046 1987 complectitur,
1087 1925 1248 1988 quibus
1285 1925 1398 1972 clara
1445 1924 1539 1970 idea
1572 1928 1719 1985 cujus-

441 2008 532 2053 que
565 1993 729 2037 Insecti
765 1994 1008 2054 comparari
1047 2007 1220 2054 potest3
1264 1992 1382 2039 unde
1416 1991 1600 2038 nomina
1638 2009 1718 2057 ge-

452 2057 599 2105 netica
632 2072 675 2102 et
709 2054 908 2120 specifica
940 2055 1199 2116 efformata.

578 2124 821 2186 Dispositio
855 2124 988 2184 igitur
1040 2139 1083 2170 et
1117 2124 1419 2171 denominatio
1471 2138 1575 2171 sunt
1627 2124 1720 2174 duo

444 2187 763 2243 fundamenta,
804 2189 966 2253 quibus
998 2193 1153 2238 nititur
1187 2194 1381 2253 Systerna
1414 2191 1718 2256 entomologi-

445 2273 550 2303 cum
589 2288 601 2309 ,
634 2273 688 2304 ex
723 2273 867 2320 eoque
900 2259 1087 2306 scientiae
1136 2263 1413 2305 Insectotum
1464 2256 1717 2322 perfectio

443 2323 579 2376 Unde
625 2340 770 2389 operae
803 2326 994 2389 ptetIum
1026 2327 1108 2374 erit
1140 2325 1197 2375 de
1229 2324 1345 2371 hisce
1381 2324 1510 2373 verba
1542 2324 1713 2377 facete.

1611 2592 1719 2642 CA-
