1813 2974
386 389 1087 446 CAPUTm.
1290 387 1407 458 35'

158 472 566 540 Habendapariter
599 478 712 524 ratio
737 480 1035 544 scorpionum
1056 516 1071 537 ‚
1110 478 1190 546 qui
1222 480 1338 528 vivi-

57 543 148 607 pari
169 558 304 597 sunt,
327 542 389 590 uti
409 543 663 591 observavit
701 545 848 601 Redi,
888 562 1053 610 etpost
1090 565 1192 595 eum
1228 564 1337 596 con-

56 609 249 661 firmavit
284 613 341 657 D.
388 612 645 659 Amoureux
689 610 802 660 filius
837 614 889 662 in,
922 630 1058 677 opere
1097 650 1113 670 ‚
1164 616 1236 663 cui
1274 618 1333 663 ti-

57 677 174 724 tulus
212 677 376 726 Notice
410 679 481 727 des
516 683 696 728 Insectes
728 680 844 731 dela
879 686 1042 731 France
1060 680 1224 752 reputes
1256 702 1330 731 ve-

53 743 268 797 nimeux.

181 816 280 859 Mas
312 828 356 860 et
392 810 554 862 femina
587 815 633 862 in
668 814 848 864 InsectiS
883 829 1136 881 propagant
1155 815 1320 872 simul;

41 894 147 925 nam
183 878 331 927 solum
366 899 505 929 ovum
527 917 541 937 ,
575 897 651 930 aut
685 882 779 932 sola
811 885 1014 952 genitura
1045 881 1220 950 prolem
1257 885 1323 951 gi-

38 962 172 1011 gnere
209 948 389 996 minime
425 947 603 997 valent.
736 1001 738 1003 ,

173 1017 351 1076 Corpus
390 1018 668 1064 Insectorum
702 1017 868 1082 duplici
888 1032 1065 1067 constat
1083 1018 1322 1083 ptine-ipim

37 1078 266 1126 medullari
302 1084 479 1130 interno
518 1119 533 1138 ,
570 1100 614 1131 et
651 1087 847 1135 corticali
880 1102 1062 1134 externo
1084 1122 1096 1135 .
1136 1085 1321 1133 Medul-

37 1144 126 1193 lare
160 1149 428 1212 principium
456 1151 793 1216 comprehendit
811 1152 974 1203 cerebri
994 1154 1321 1210 rudimentum,

36 1217 222 1277 ejusque
257 1219 520 1282 propagines
556 1256 567 1267 .
606 1221 879 1285 Principium
913 1222 1122 1271 corticale
1139 1223 1319 1287 respicit

35 1280 263 1332 musculos
301 1315 314 1335 5
357 1301 506 1335 cutem
539 1322 553 1343 ,
601 1288 882 1355 reliquasque
915 1292 1119 1354 corporis
1153 1305 1316 1354 partes,

168 1354 404 1399 Generatio
456 1355 501 1403 in
537 1354 778 1406 collatione
821 1358 1027 1422 principii
1064 1356 1317 1405 medullaris

32 1430 76 1463 et
113 1417 332 1465 corticalis
367 1433 461 1469 tota
509 1424 711 1472 consistit
749 1443 761 1480 3
800 1442 943 1490 quum
988 1424 1123 1473 ambo
1159 1442 1237 1487 pet
1271 1441 1316 1471 se

33 1484 189 1530 inertia
234 1486 321 1532 sint
361 1521 374 1541 ‚
429 1493 673 1551 conjuncta
722 1510 828 1542 veto
879 1490 1230 1559 multiplicabilia
1263 1494 1312 1539 in

24 1549 281 1603 infinitum.
315 1554 454 1602 Nulla
486 1557 622 1622 igitur
655 1576 775 1608 nova
809 1561 971 1608 creatio
999 1595 1013 1614 ,
1048 1559 1124 1608 sed
1159 1561 1311 1607 omnis

26 1620 250 1682 generatio
304 1636 369 1668 est
416 1627 676 1673 continuata
742 1627 1051 1694 multiplicatio
1101 1628 1307 1694 principii

29 1684 279 1733 medullaris
311 1703 355 1734 et
389 1691 608 1738 corticalis
643 1695 772 1741 initio
807 1697 973 1744 creati.

164 1753 435 1817 Principium
474 1757 717 1808 medullare
750 1780 774 1808 a
808 1776 949 1809 matre
971 1797 986 1817 ‚
1041 1759 1248 1809 corticale
1282 1778 1307 1807 a

27 1831 171 1879 patre.
212 1820 349 1866 Unde
381 1825 429 1869 in
464 1841 555 1872 ovo
586 1828 750 1874 exsistit
786 1829 1096 1877 rudimentum
1133 1826 1302 1874 medul-

22 1883 111 1930 lare
139 1918 152 1936 ‚
189 1886 236 1932 in
270 1891 471 1951 genitura
505 1891 812 1943 rudimentum
861 1895 1068 1943 corticale
1099 1915 1116 1949 ,-
1171 1908 1215 1942 et
1246 1893 1301 1941 ab

19 1967 177 2000 eorum
213 1959 534 2016 conjunctione
565 1963 715 2010 omnis
748 1964 1006 2030 generatio.
