1813 2974
442 273 468 302 2
638 255 717 300 DE
753 247 1051 296 PARTIBUS
1088 246 1455 295 INSECTORU
1464 249 1518 296 M

563 356 591 380 a
626 339 693 380 Os
727 330 935 379 omnibus
969 331 1148 376 Insectis
1187 348 1428 378 commune
1454 367 1468 387 ,
1504 328 1723 400 plerisque

430 403 511 451 sub
546 405 684 466 capite
734 402 928 464 positum
967 428 981 449 ,
1028 397 1292 465 quibusdam
1340 399 1385 445 in
1437 415 1644 463 pectore,
1676 418 1723 447 et

430 474 476 516 in
511 467 738 515 nonnullis
774 467 916 514 adhuc
952 468 1160 530 ignotum
1197 486 1210 522 3
1263 469 1399 529 inque
1433 482 1488 512 eo
1522 468 1724 516 conside·

435 537 569 584 tanda
592 556 603 584 ε

570 604 771 672 Clypeus,
825 603 914 649 sive
949 597 1113 647 labium
1166 602 1397 664 superius,
1434 618 1485 648 os
1537 619 1724 666 superne

435 686 618 736 tegens,
658 687 721 718 est
756 667 1041 718 horizontalis
1077 671 1229 732 capitis
1264 685 1364 731 pars
1415 685 1575 717 cornea
1609 687 1726 735 por-

435 753 553 785 recta
575 774 585 785 .
1059 780 1062 784 ,

573 803 763 853 Labium
817 823 866 853 os
904 801 1074 852 inferne
1109 800 1316 850 claudens
1350 834 1363 858 ,
1410 802 1723 855 horizontale:

435 886 501 919 est
535 874 688 936 capitis
725 892 821 935 pars
855 872 1038 920 inferior
1076 886 1277 935 porrecta
1298 907 1310 919 .

568 941 835 990 Mandibulae
869 940 999 993 duae,
1039 938 1344 985 transversales
1365 974 1376 993 ‚
1413 955 1585 985 corneae
1615 975 1627 995 ‚
1666 937 1727 987 la-

433 1020 522 1053 tera
555 1008 644 1053 oris
681 1026 865 1074 superne
901 1005 1172 1055 includentes
1207 1040 1222 1060 ,
1276 1022 1301 1051 a
1336 1007 1489 1069 capitis
1525 1005 1728 1054 substan-

434 1076 492 1119 tia
541 1091 701 1123 cornea
751 1092 1002 1142 propagatae
1040 1110 1057 1132 ,
1127 1072 1208 1120 sub
1262 1072 1418 1137 clypeo
1471 1075 1726 1121 immediate

436 1157 587 1205 positae
610 1177 623 1191 .

570 1208 771 1259 Maxilla
807 1212 964 1274 pariter
1001 1209 1097 1257 duae
1127 1244 1142 1265 ,
1193 1205 1496 1255 transversales
1522 1243 1536 1262 ,
1570 1207 1726 1272 saepius

433 1275 773 1326 membranaceae
808 1309 819 1329 ‚
881 1278 1012 1325 latera
1060 1278 1148 1324 oris
1200 1274 1369 1322 inferne
1416 1274 1724 1330 includentes,-

432 1358 556 1390 tectae
594 1343 842 1410 frequenter
875 1345 1128 1393 membrana
1150 1341 1388 1405 cylindrica
1416 1341 1602 1394 obtusa,
1622 1357 1721 1407 quae

446 1413 577 1458 Galea
612 1416 794 1460 nornine
828 1432 851 1461 a
888 1413 958 1462 Cl.
997 1412 1190 1459 Fabricio
1227 1410 1516 1476 distinguitur
1539 1446 1550 1457 .

570 1478 698 1547 Palpt'
732 1481 824 1528 duo
844 1512 857 1535 ,
891 1495 1118 1546 quatuor,
1157 1494 1258 1530 sex,
1293 1476 1544 1533 articulati,
1579 1494 1727 1527 senso-

432 1544 520 1598 rii,
557 1546 741 1595 mobiles
763 1584 773 1595 .

563 1612 740 1679 Lingua
774 1613 941 1678 spiralss
977 1614 1090 1661 inter
1141 1610 1296 1677 palpos
1347 1609 1528 1659 reflexos
1562 1628 1726 1660 recon-

431 1675 522 1723 dita
544 1713 559 1732 ‚
587 1681 828 1728 convoluta
851 1719 861 1734 ‚
900 1679 1030 1727 bifida
1050 1714 1065 1728 .

565 1750 763 1793 Rostrum
816 1746 1026 1794 infltxum
1062 1780 1075 1800 ,
1131 1762 1381 1799 corneum,
1425 1744 1581 1808 vagina
1615 1745 1718 1791 arti-

426 1807 568 1856 culata
604 1814 795 1861 univalvi
828 1812 1110 1861 efformatum
1136 1842 1149 1865 v
1184 1827 1292 1859 setas
1334 1813 1595 1877 plerumque
1631 1829 1718 1860 tres

431 1893 663 1926 continens
688 1917 696 1928 .

563 1950 835 1994 Haustellum
870 1961 1158 2011 porrectum,
1186 1961 1399 1993 corneum
1422 1984 1435 2003 ,
1467 1948 1568 1994 setis
1606 1962 1721 1993 con-

431 2025 549 2060 stans
599 2013 666 2059 vel
703 2016 832 2061 nudis
865 2050 882 2072 ,
933 2014 1001 2063 vel
1038 2015 1193 2079 vagina
1227 2011 1388 2060 bivalvi
1424 2031 1519 2061 non
1553 2014 1721 2060 articu-

431 2078 516 2126 lata
547 2080 726 2127 inclusis
751 2115 763 2129 .

562 2147 777 2195 Proboscis
823 2148 953 2211 stipes
989 2163 1199 2195 carnosus
1233 2178 1248 2199 ‚
1292 2146 1559 2210 cylindricus
1584 2180 1597 2201 ‚
1648 2162 1720 2193 te-

429 2229 558 2270 ctu3‚
595 2215 877 2280 capituloque
912 2214 1247 2263 membranaceo
1299 2213 1505 2262 bilabiato
1527 2251 1542 2272 ‚
1579 2229 1717 2261 retra-

431 2282 520 2328 ctili
558 2287 756 2329 munitus
780 2320 789 2330 .

563 2351 779 2397 Praedictae
815 2366 956 2413 partes
990 2368 1082 2398 non
1117 2366 1275 2397 omnes
1309 2349 1354 2397 in
1389 2347 1597 2396 omnibus
1633 2352 1714 2396 Ina

428 2420 554 2465 sectis
603 2420 980 2481 conspiciuntur3
1034 2419 1136 2465 hinc
1188 2420 1385 2479 optimos
1443 2415 1710 2462 characteres

424 2481 621 2532 offerunt
642 2520 657 2541 ,
693 2486 853 2549 quibus
888 2489 1042 2534 nititur
1079 2484 1150 2537 Cl.
1170 2485 1352 2533 Fabricii
1387 2483 1710 2547 Entomologi-

1598 2565 1702 2598 curn
