1813 2974
452 221 542 261 ¹30

615 379 1386 461 CLAssts
1490 358 1549 462 1.

702 554 1447 605 ELEUTERATA.

558 664 587 687 ἱ

703 698 985 804 MAxilla
1021 756 1140 805 nuda
1174 753 1306 803 libera
1327 790 1339 804 .

634 829 700 873 Os
733 824 950 876 maxillis,
989 824 1218 890 palpisque
1252 843 1298 879 4.
1333 836 1409 868 aut
1444 825 1490 868 6.

432 892 563 960 Palpi
594 894 747 956 saepius
784 905 1012 955 quatuor:
1042 889 1201 939 amicis
1235 887 1417 937 maxillae
1450 888 1612 938 dorso:
1647 906 1722 959 po-

500 959 621 1007 sticis
655 956 770 1005 labio
806 957 1121 1005 adhaerentibus
1141 995 1151 1005 .

562 1027 792 1074 Interdum
839 1043 909 1072 sex
941 1044 953 1072 :
1007 1024 1166 1072 amicis
1198 1021 1373 1072 duobus
1406 1057 1420 1078 ‚
1464 1038 1508 1070 et
1542 1022 1721 1071 duobus

626 1092 890 1140 intermediis
925 1091 1104 1139 maxillae
1156 1090 1291 1138 dorso
1341 1090 1548 1137 insertis:
1580 1089 1722 1159 posu'f

628 1160 693 1208 cis
725 1158 869 1206 labio.

427 1227 598 1293 clypeus
633 1230 649 1285 (
683 1226 772 1273 sive
805 1224 969 1274 labium
1003 1227 1200 1291 superius
1233 1228 1251 1285 )
1298 1220 1580 1272 horizontalis
1599 1257 1615 1280 ,
1662 1237 1714 1272 os

492 1310 678 1357 superne
711 1308 858 1355 tegens
877 1326 888 1339 .

425 1359 693 1407 Alandibulae
725 1358 822 1406 duae
859 1359 1159 1408 transversales
1195 1395 1209 1416 ,
1253 1356 1475 1419 mobiles,
1508 1371 1677 1405 corneae
1697 1391 1716 1414 ‚

486 1428 618 1473 latera
652 1428 740 1474 oris
776 1443 961 1488 superne
996 1426 1267 1474 includentes
1291 1463 1301 1473 .

420 1494 622 1545 Maxilla
644 1494 753 1540 ‘duae
774 1528 789 1547 ,
825 1491 965 1539 liberae
988 1529 1002 1549 ‚
1039 1492 1341 1540 transversales
1361 1526 1378 1546 ‚
1404 1492 1559 1552 saepius
1580 1507 1718 1540 mem-

488 1559 706 1607 branaceae
727 1594 740 1616 ,
775 1576 1033 1625 compressae
1066 1596 1082 1617 ,
1135 1560 1265 1608 latera
1316 1560 1405 1608 oris
1439 1555 1609 1605 inferne
1643 1559 1714 1616 inq

486 1627 712 1674 cludentes
732 1660 744 1672 .

419 1693 610 1741 Labium
658 1706 914 1757 porrectum
948 1727 961 1745 ‚
1011 1690 1199 1740 liberum
1238 1729 1254 1749 ,
1309 1711 1414 1741 mox
1465 1708 1715 1750 corneum,

484 1778 590 1807 mox
623 1758 1007 1808 membranaceum
1031 1795 1046 1815 ,
1082 1778 1133 1807 os
1167 1759 1338 1808 inferne
1371 1759 1576 1809 claudens
1596 1795 1609 1808 .

416 1834 627 1878 Antennae
665 1829 775 1875 inter
810 1826 968 1874 oculos
1002 1828 1203 1874 insertae.

416 1898 470 1942 In
504 1894 584 1941 hac
619 1893 798 1941 Fabricii
847 1894 979 1941 classe
1034 1894 1185 1941 locum
1240 1892 1400 1941 habent
1451 1895 1602 1941 omnia
1639 1897 1713 1940 In·

483 1977 599 2008 secta
636 1964 896 2027 Coleoptrata
933 1995 948 2016 ‚
1005 1979 1103 2026 quae
1137 1963 1183 2008 in
1218 1963 1364 2024 primo
1402 1961 1573 2009 Ordine
1607 1963 1714 2008 Lin-

483 2029 620 2074 naeani
656 2030 898 2089 systematis
934 2063 950 2083 ,
1003 2029 1050 2074 in
1104 2029 1244 2090 prima
1279 2026 1425 2075 Classe
1462 2025 1675 2089 Geoffroy
1697 2060 1714 2083 ,

479 2110 524 2140 et
557 2095 603 2140 in
641 2109 795 2141 octava
831 2093 1018 2141 Domini
1072 2094 1254 2158 Degeeri
1306 2109 1583 2145 occurrunt,
1638 2110 1716 2140 ex-

483 2174 609 2224 cepta
643 2162 851 2221 Forficula
886 2195 896 2207 .
956 2159 1075 2206 Hinc
1125 2177 1211 2224 ope
1263 2161 1534 2224 synonymiae
1571 2175 1712 2206 unus-

478 2229 670 2291 quisque
718 2224 917 2274 conferre
952 2229 1112 2289 poterit
1151 2226 1432 2275 characteres
1468 2227 1709 2290 unicuique

482 2295 640 2342 Generi
673 2295 897 2357 appositos
929 2310 952 2338 a
988 2295 1202 2356 praedictis
1237 2294 1537 2348 Auctoribus,
1571 2309 1706 2356 atque

480 2361 542 2407 ita
575 2358 710 2408 facilis
744 2362 1014 2409 insectorum
1051 2362 1179 2423 hujus
1212 2359 1356 2409 classis
1396 2361 1704 2428 cognitionem

482 2426 562 2475 sibi
597 2444 884 2494 comparate.

1511 2509 1552 2541 1.
1590 2492 1702 2553 L-Ug
