1813 2974
304 345 509 396 Nomina
544 341 748 390 classium
783 345 1009 391 continere
1046 339 1206 389 debent
1226 339 1450 390 characte-

166 430 262 464 rem
294 412 564 462 essentialem
598 428 684 457 suae
720 409 865 456 classis
906 445 918 457 .
954 411 1072 455 Hinc
1111 409 1322 457 linnaeana
1359 430 1446 456 no-

171 484 294 530 mina
350 479 573 529 Classibus
621 477 828 543 imposita
880 475 935 523 ab
985 473 1152 523 alarum
1206 478 1452 529 charactere

172 551 342 613 optima
377 563 480 594 sunt
505 583 516 596 .

312 615 514 662 Nomina
572 611 775 663 classium
828 613 963 661 unico
1015 609 1235 660 vocabulo
1272 628 1449 670 consta÷

172 682 321 732 bunt.

309 750 512 803 Nomina
544 749 772 798 -ordinum
825 745 1119 800 continebunt
1155 747 1450 796 characterem

173 818 445 866 essentialem
481 820 547 865 sui
584 818 751 865 ordinis
783 836 795 864 ε
831 834 895 863 ex.
929 832 996 880 gr.
1033 814 1249 862 Antennis
1285 813 1450 874 filifora

173 885 324 935 mibus
344 917 358 936 ,
398 886 616 933 Antennis
652 887 835 934 setaceis
868 897 954 930 etc.

304 957 504 1008 Insecta,
525 969 625 1017 quae
660 956 827 1002 Genere
859 949 1153 1005 conveniunt,
1187 948 1344 997 eodem
1364 967 1451 998 no-

172 1020 299 1071 mine
334 1022 539 1085 generice
577 1020 843 1085 designanda
867 1056 882 1071 .
915 1023 1028 1077 Quae
1062 1034 1169 1066 vero
1204 1014 1448 1075 differunt,

177 1088 356 1135 diverso
393 1090 575 1135 nomine
611 1089 818 1153 generico
836 1084 1150 1150 distinguenda
1168 1122 1178 1132 .

304 1157 488 1202 Nomen
525 1158 706 1204 Generis
741 1170 947 1203 constans
982 1152 1109 1201 debet
1145 1169 1234 1205 esse
1256 1170 1331 1208 ,et
1364 1155 1451 1205 im·

170 1221 382 1273 mutabile
411 1242 431 1277 ‚·
468 1241 571 1271 nam
607 1224 641 1269 si
678 1223 899 1270 character
933 1222 1113 1268 Generis
1132 1237 1301 1286 semper
1317 1223 1455 1279 idem,

171 1308 341 1338 nomen
378 1307 609 1356 propterea
644 1291 761 1354 idem
799 1306 969 1351 semper
1003 1290 1114 1336 erit.

308 1361 403 1417 Qui
455 1360 628 1408 novum
677 1357 831 1407 condit
865 1361 1014 1406 Genus
1048 1391 1065 1410 ,
1106 1372 1274 1408 nomen
1308 1357 1451 1406 eidem

171 1426 402 1490 imponere
437 1426 592 1476 debet.

308 1495 510 1546 Nomina
546 1494 746 1561 generica
783 1491 1046 1539 diminutiva
1080 1508 1104 1538 e
1138 1491 1288 1556 lingua
1324 1491 1457 1540 latina

177 1561 314 1625 petita
333 1561 559 1614 toleranda
609 1575 715 1608 sunt
747 1594 763 1617 ,
813 1561 882 1608 uti
931 1556 1182 1617 Forficula‚
1219 1559 1459 1618 Nitidula,

179 1628 437 1676 Coccinella
457 1663 469 1675 .

313 1695 515 1741 Nomina
569 1696 770 1760 generica
821 1712 962 1761 graeca
996 1709 1041 1742 et
1075 1692 1208 1742 latina
1242 1695 1449 1757 quamvis

181 1758 371 1809 obscura
409 1763 635 1810 retinenda
671 1776 804 1810 sunt.

311 1830 513 1876 Nomina
548 1831 749 1893 generica
782 1863 796 1884 ‚
837 1846 937 1893 quae
973 1826 1271 1877 characterem
1305 1839 1453 1878 esseni

171 1893 318 1941 tiaiem
352 1930 366 1950 ‚
418 1895 619 1947 habitum
659 1932 674 1951 ,
722 1911 797 1944 aut
833 1897 1148 1959 proprietatem
1185 1893 1451 1960 singularem

167 1964 448 2009 Insectorum
500 1961 582 2010 sub
617 1967 784 2013 Genere
816 1963 1105 2011 militantium
1139 1965 1394 2027 exprimunt
1435 1994 1452 2017 ,

173 2044 346 2092 optima
381 2043 486 2076 sunt
509 2064 521 2076 .

304 2097 488 2145 Nomen
527 2098 781 2160 genericum
819 2100 1058 2162 antiquum
1078 2097 1268 2162 antiquo
1285 2093 1449 2144 Generi

168 2164 413 2218 convenit,
450 2181 696 2229 parumque
733 2167 930 2215 intererit
953 2202 965 2220 ‚
1000 2178 1155 2212 utrum
1177 2164 1449 2212 divinabitur

168 2228 294 2290 quod
329 2229 460 2277 fuerit
495 2232 612 2296 apud
651 2235 821 2283 Priscos
853 2234 965 2283 illud
1000 2237 1257 2286 uiscerum,
1298 2249 1445 2296 qUUm

163 2311 332 2345 nomen
366 2297 555 2364 dignum
590 2301 874 2353 retinebimus
894 2339 909 2360 ‚
944 2319 1026 2351 nec
1061 2315 1232 2348 mutare
1266 2299 1448 2351 audebi-

170 2379 272 2411 mus
296 2400 308 2413 .

305 2432 507 2480 Nomina
552 2437 751 2499 generica
782 2438 831 2485 in
864 2436 946 2485 alia
981 2434 1204 2485 transferri
1240 2452 1334 2485 non
1370 2434 1450 2484 de-

167 2496 305 2554 bent,
342 2502 556 2565 quamvis
591 2503 794 2569 digniora
815 2525 833 2559 ς
871 2521 975 2554 nam
1010 2503 1218 2553 confusio
1255 2506 1448 2553 oriretur

172 2566 219 2611 in
258 2567 445 2616 scientiae
479 2568 797 2620 detrimentum
819 2608 831 2623 .
1404 2571 1450 2620 Si

1245 2664 1275 2688 «ἐς,
