1813 2974
1249 240 1342 286 129

118 358 1288 442 INSTITUTIONUM

286 531 1129 608 ENTOMOLOGIAE

390 681 596 737 PARS
641 681 1016 742 ALTERA.

193 823 277 868 ΒΕ
343 818 683 862 ΙΝεεοτιε
757 831 834 867 ru
903 817 1203 881 Seuere„

59 985 432 1101 PHilosophiae
484 1035 826 1104 entomologicae
888 1057 1070 1087 munere
1123 1041 1344 1105 perfuncti

55 1108 110 1155 ad
169 1111 335 1154 Insecta
378 1106 472 1169 ¹ipsa
523 1105 774 1170 singillatim
833 1107 1101 1171 inspicienda
1155 1112 1344 1173 gradum

54 1174 275 1229 facimus;
310 1190 405 1220 eam
439 1187 586 1219 tamen
621 1172 750 1220 nobis
782 1172 922 1238 legem
950 1176 1261 1239 imponentes,
1295 1192 1346 1226 ut

0 1242 5 1247 ’
54 1244 295 1306 praecipuas
343 1240 659 1287 tantummodo
694 1241 894 1305 ipsorum
932 1244 1092 1306 species
1117 1275 1129 1296 ‚
1165 1262 1262 1307 quae
1297 1249 1344 1294 in

53 1309 236 1365 hujusce
273 1309 419 1372 Regni
455 1304 707 1372 regionibus
754 1307 956 1356 obtinent
990 1345 1004 1366 ,
1054 1313 1101 1357 in
1148 1314 1345 1360 medium

53 1373 284 1423 afferamus
305 1412 318 1432 ‚
352 1390 487 1438 atque
521 1390 590 1420 eas
623 1376 905 1437 potissimum
939 1376 1170 1442 seligamus
1194 1416 1207 1434 ,
1235 1398 1346 1443 quas

55 1443 297 1508 colligere,
349 1457 393 1488 et
444 1443 490 1487 in
543 1457 699 1487 nostro
746 1459 900 1490 museo
948 1444 1172 1492 adservare
1218 1447 1347 1494 nobis

54 1510 207 1558 datum
247 1508 332 1556 fuit
365 1543 374 1555 .
426 1510 626 1568 Huiusce
674 1524 821 1556 autem
873 1515 1061 1577 suscepti
1085 1512 1266 1561 'consilii
1301 1532 1350 1561 ea

55 1580 171 1623 ratio
208 1575 326 1631 fuit,
363 1590 413 1622 ut
446 1590 489 1622 et
526 1577 688 1622 nostris
743 1591 787 1622 et
834 1580 988 1629 exteris
1034 1597 1125 1626 rem
1178 1597 1349 1647 gratam

55 1642 330 1690 faceremus:
367 1642 428 1688 illi
463 1644 583 1688 enim
634 1659 912 1706 perspectum
960 1645 1182 1694 habebunt
1214 1648 1352 1711 quid-

57 1710 169 1774 quid
203 1712 472 1757 insectorum
509 1708 605 1755 heic
641 1709 868 1764 vivit‚his
903 1729 1007 1758 vero
1041 1711 1244 1776 patefient
1279 1717 1352 1761 in-

57 1792 284 1824 sectorum
321 1777 482 1838 species
518 1789 767 1822 nostrarum
806 1779 1039 1842 regionum
1080 1781 1267 1843 propriae
1302 1798 1351 1826 ac

59 1843 302 1907 singulares
340 1879 351 1889 .
384 1846 435 1886 In
470 1841 521 1886 iis
556 1856 703 1889 autem
758 1845 1030 1891 recensendis
1082 1845 1138 1892 cl.
1175 1846 1353 1894 Fabricii

58 1911 278 1973 systemati
312 1910 561 1955 insistemus
595 1944 608 1964 ,
659 1926 797 1972 eaque
844 1909 1045 1959 dabimus
1094 1913 1353 1961 nominibus

58 1977 271 2042 genericis
304 1974 358 2020 ab
390 1977 487 2038 ipso
521 1973 724 2023 adhibitis
759 1977 964 2043 insignita
994 1997 1008 2033 3
1063 1995 1207 2044 neque
1241 1980 1353 2027 alio-

57 2060 160 2092 rum
199 2045 451 2088 Auctorum
487 2046 796 2105 synonymiam
831 2045 1136 2109 negligemus,
1172 2064 1221 2094 ac
1256 2062 1352 2093 tan-

59 2111 161 2158 dem
198 2124 483 2163 accuratam,
517 2110 669 2170 quoad
700 2113 791 2170 ejus
827 2109 919 2157 fieri
955 2127 1099 2173 potest
1137 2147 1152 2166 ,
1205 2117 1353 2172 cujus-

63 2194 152 2240 que
187 2175 412 2222 lndividui
447 2174 789 2240 descriptionem
823 2176 1022 2225 exhibere
1057 2177 1351 2228 conabimur.

60 2248 127 2291 Ita
162 2245 281 2288 enim
317 2240 388 2289 fiet
409 2277 423 2297 ,
459 2256 508 2288 ut
542 2244 577 2290 si
612 2245 690 2306 qui
725 2260 892 2293 errores
926 2246 1178 2312 irrepserint
1199 2283 1214 2305 ,
1245 2264 1355 2300 meas

69 2308 216 2361 solum
250 2310 428 2362 incuriae
461 2307 733 2363 referantur.
968 2340 971 2341 ⁷

823 2519 845 2561 ἰ
1179 2517 1349 2566 CLAS-
