1813 2974
1352 223 1447 259 vlt

172 304 385 381 sumi,
444 300 651 383 hasque
707 305 1158 385 Euromologicas
1215 307 1450 371 Institu-

167 405 348 463 tiones
393 405 458 461 ad
502 405 819 464 umbilicum
874 407 1174 481 perducere
1233 412 1447 486 sategi,

162 520 281 562 tum
338 521 400 562 ut
459 503 591 560 meis
649 502 860 560 civibus
915 502 1076 578 hujus
1132 507 1441 567 excolendae

160 600 401 659 scientiae
466 620 709 658 amorem
762 599 1144 670 infunderem,
1198 602 1314 659 tum
1374 622 1437 664 ut

155 699 372 755 exteris
416 698 598 775 palam
639 700 874 758 facerem
900 745 916 771 ,
971 720 1085 775 quae
1128 700 1186 756 iu
1228 705 1465 769 nostris.

133 798 472 872 ,regionibus
514 800 732 857 Insecta
774 799 1211 858 versant-*unffi
1255 819 1438 862 autem

151 910 306 952 recto
361 885 575 953 ‘ordine
647 896 962 972 hujusmodi
1040 898 1432 962 Institutioues

148 994 565 1069 procederent,
632 995 688 1053 id
751 995 971 1054 consilii
1034 998 1247 1073 suscepi
1286 1046 1302 1071 ‚
1366 1018 1432 1060 ut

144 1091 389 1166 primum
448 1112 522 1150 ex
584 1091 1006 1172 Entomologica
1066 1093 1435 1172 Philosophia.

142 1188 382 1248 Fabricii
427 1210 791 1266 excerperem
828 1237 847 1268 ‚
903 1214 1020 1270 quae
1079 1196 1317 1252 maxime
1360 1197 1428 1255 ad

138 1303 259 1342 rem
302 1307 420 1344 esse
463 1286 596 1347 mihi
640 1289 1012 1364 videbantur3
1056 1310 1279 1369 eamque
1324 1297 1423 1353 mi-

131 1382 197 1442 hi
241 1385 307 1442 ad
349 1386 675 1447 intuendum
719 1406 886 1466 atque
927 1390 1249 1448 imitandum
1292 1411 1427 1467 pro·

137 1484 347 1558 posui,
409 1485 618 1562 quippe
661 1507 779 1563 quae
835 1485 1295 1545 absolutissimum
1339 1504 1424 1546 est

135 1579 541 1654 praeclarissimi
600 1582 775 1660 hujus.
819 1583 1172 1661 Entomologi
1247 1607 1381 1662 opus
1403 1604 1427 1659 ,·

140 1695 309 1754 atque
371 1679 441 1736 acl
503 1678 826 1736 Botanicam
901 1680 1110 1739 Linuaei
1170 1683 1423 1741 Philoso-

134 1775 326 1852 phiam
365 1773 534 1848 probe
577 1775 831 1850 exigitur
854 1775 1084 1833 ‚Isthaec
1121 1798 1294 1852 porro
1318 1781 1418 1836 Fa-

131 1873 378 1932 briciana
419 1871 679 1949 Epitome
733 1873 793 1930 in
849 1873 1038 1931 varias
1078 1892 1268 1949 partes
1308 1879 1416 1936 tri-

129 1968 363 2042 buetur,
403 1985 468 2027 ut
509 1967 738 2026 inferius
780 1969 1113 2031 indicabitur
1135 1991 1156 2051 3
1180 1993 1413 2053 eamque

129 2068 381 2143 excipiet
422 2067 770 2126 Insectorum
810 2069 868 2127 in
925 2085 1105 2127 certas
1149 2074 1411 2147 quasdam

134 2166 359 2224 Classes
401 2164 619 2240 digesta
679 2163 1000 2225 distributio
1035 2211 1056 2242 ,
1113 2187 1415 2248 eorumque

131 2265 436 2340 descriptio
469 2310 485 2337 ,
528 2284 644 2341 quae
691 2265 1055 2323 exornabitur
1096 2286 1205 2323 non
1248 2269 1411 2327 modo

128 2382 204 2422 ex
246 2361 524 2438 Fabricii,
568 2379 768 2439 §serum
818 2363 990 2421 etiam
1029 2360 1413 2450 illustriorum

1295 2462 1404 2521 En-
