1813 2974
443 249 508 294 '50
705 243 785 294 DE
822 247 949 294 USU
985 245 1406 297 INSECTORUM
1428 287 1439 299 .

587 349 622 391 'y
645 332 760 378 Situs
796 331 1001 380 naturalis
1018 332 1351 399 praebetPaJpos
1387 334 1554 381 anticos
1573 334 1718 402 maxilae

447 399 500 447 1ae
534 397 667 445 dorso
701 399 955 447 inhaerentes
990 435 1002 452 ,
1040 401 1210 463 ipsique
1246 400 1677 463 superincumbentes
1700 437 1716 456 9

445 464 600 531 palpos
634 481 780 513 autem
813 467 1006 531 posticos
1043 466 1141 513 labii
1177 468 1323 514 medio
1358 466 1524 513 adfixos
1558 500 1572 520 ,
1607 472 1718 529 ejus-

443 548 533 597 que
565 533 832 596 superiorem
868 551 894 596 p
981 551 1033 580 m
1090 537 1312 597 cingentes
1345 566 1358 581 .

579 599 769 664 Clypeus
801 616 970 664 semper
1023 616 1073 647 os
1109 616 1294 663 supeme
1341 601 1447 665 tegit
1481 632 1498 655 ,-
1548 598 1712 648 labium

442 663 613 713 inferne
633 703 643 714 .

576 731 846 781 Mandibulae
865 732 1112 781 immediate
1146 731 1227 781 sub
1261 730 1415 796 clypeo
1449 730 1578 780 latera
1613 734 1706 781 oris

442 816 627 865 superne
662 800 902 848 claudunt.

577 867 766 914 Maxillae
799 884 969 932 semper
1021 867 1099 916 sub
1136 866 1399 916 mandibulis
1433 867 1565 915 latera
1617 868 1709 915 oris

437 932 607 981 inferne
639 934 880 983 claudunt.
918 995 921 997 ,

577 1001 695 1065 Palpi
729 1003 862 1049 antici
897 1001 989 1049 duo
1021 1015 1096 1050 aut
1133 1015 1324 1071 quatuor
1361 996 1540 1051 maxillae
1576 1002 1710 1050 dorso

439 1066 620 1116 adnati.
659 1069 865 1132 Exceptio
900 1071 1114 1118 rarissima
1151 1076 1196 1118 in
1232 1079 1356 1137 Ape.

575 1135 695 1200 Palpi
728 1137 886 1200 postici
918 1135 1180 1202 plerumque
1213 1137 1315 1185 labii
1348 1137 1496 1184 medio
1529 1134 1709 1193 laterali,

438 1217 550 1266 saepe
581 1205 728 1266 apici,
766 1220 863 1249 raro
900 1204 1050 1266 parieti
1083 1206 1279 1253 interiori
1314 1208 1462 1252 inserti
1492 1239 1507 1260 ,
1543 1206 1708 1252 rarissi-

416 1279 510 1314 ⁰·me
542 1267 656 1318 labio
692 1269 809 1318 haud
843 1269 1062 1318 adhaerent
1083 1309 1098 1328 ,
1133 1288 1182 1320 ut
1216 1276 1262 1319 in
1300 1280 1506 1321 Lucana.

573 1337 690 1403 Palpi
727 1339 858 1385 antici
891 1338 938 1383 in
974 1340 1190 1403 Agonatis
1227 1339 1518 1393 mandibulis5
1552 1338 1711 1403 postIci

436 1398 551 1449 labio
587 1405 735 1452 inserti
774 1420 920 1452 toturn
957 1422 1007 1452 os
1044 1406 1287 1473 obtegunt.

567 1475 620 1518 In
656 1474 877 1536 Unogatis
917 1472 1031 1537 Palpi
1083 1475 1175 1521 duo
1231 1472 1410 1521 maxillis
1461 1473 1711 1522 adhaerent-,A

566 1540 621 1584 In
655 1539 866 1585 Glossatis
901 1538 1051 1604 lingua
1087 1540 1252 1605 spiralis
1272 1557 1440 1603 semper
1475 1541 1586 1588 inter
1620 1540 1714 1605 pal·

433 1618 516 1669 pos
551 1603 730 1652 reflexos
765 1605 1007 1653 convoluta
1041 1606 1297 1655 observatur
1319 1644 1329 1656 .

567 1675 619 1718 In
655 1674 879 1735 Ryngotis
913 1676 1068 1737 vagina
1101 1691 1209 1722 setas
1247 1677 1478 1722 continens·
1513 1675 1710 1739 plerum-

431 1753 521 1799 que
568 1739 721 1801 capitis
772 1738 883 1802 apici
934 1741 1125 1789 inserta:
1163 1742 1370 1804 Exceptio
1407 1743 1544 1788 rarior
1577 1773 1591 1797 ‚
1627 1740 1707 1788 sub

432 1805 585 1868 capitis
620 1805 743 1868 apice
776 1804 1002 1852 Acanthia
1027 1825 1045 1859 ,-
1082 1811 1250 1872 pectori
1291 1809 1481 1856 Chermes
1501 1845 1512 1858 .

566 1875 620 1918 In
655 1870 861 1918 Antliatis
899 1872 1125 1935 proboscis
1160 1889 1360 1939 porrecta
1395 1877 1540 1940 stipite
1591 1890 1708 1921 cras·

427 1937 535 1984 siori
568 1938 704 1986 dorso
738 1938 1026 1988 canaliculato
1074 1959 1191 1990 setas
1248 1944 1401 2003 recipit
1439 1977 1456 1996 ,
1512 1942 1706 1988 canalem

429 2021 537 2051 vero
571 2008 728 2071 vagina
762 2006 977 2053 univalvis
1013 2006 1176 2057 claudit
1219 2047 1230 2057 .
1276 2008 1396 2072 Palpi
1444 2008 1706 2074 plerumque

429 2070 484 2118 ad
518 2070 649 2119 latera
683 2071 959 2136 proboscidis
995 2076 1173 2124 inserti.

569 2137 663 2185 Ubi
714 2137 943 2186 Proboscis
995 2139 1113 2188 deest
1177 2141 1439 2189 haustellum
1493 2159 1710 2191 exsertum

433 2207 591 2271 vagina
625 2204 785 2251 bivalvi
821 2205 1058 2267 cylindrica
1079 2223 1285 2256 constans
1310 2245 1321 2262 ,
1356 2225 1463 2255 setas
1499 2213 1712 2258 continet.

572 2276 604 2317 ἓ
624 2275 778 2340 Figura
798 2276 988 2337 partium
1011 2277 1327 2324 naturalissima
1345 2277 1535 2322 ostendit
1561 2277 1718 2341 Palpos

416 2338 662 2392 filiformes
696 2339 888 2386 articulis
909 2340 1155 2402 cylindricis
1174 2343 1442 2407 aequalibus:
1479 2343 1719 2405 Clypeurn,

433 2423 478 2455 et
516 2406 678 2455 labium
719 2409 988 2464 rotundata,
1025 2411 1190 2476 integra
1228 2429 1238 2457 ε
1293 2409 1564 2457 mandibulas
1619 2426 1718 2458 cor-

432 2492 579 2535 neas,
613 2488 808 2527 arcuatas
845 2496 861 2527 .·
917 2477 1108 2526 maxillas
1143 2476 1406 2544 cylindticas
1438 2512 1458 2539 ρ
1492 2476 1724 2527 unidenta-

432 2556 529 2594 tas.
1667 2546 1721 2593 In
