1813 2974
1338 297 1399 340 49

398 444 886 501 CAPUT
1030 445 1069 488 Ι.

231 595 306 642 De
344 604 484 637 Locrs
523 597 820 637 NATAtrnus
854 613 869 634 ‚
908 593 967 636 Et
1007 577 1253 625 TEMPORE

220 710 223 712 v
565 656 899 699 lusae-sonum
920 681 932 693 .

116 750 120 754 ’
757 757 760 759 >
1133 736 1159 771 Ο

148 736 441 845 §.LLOca
475 785 632 843 natalia
653 789 932 832 Insectorum
950 780 1189 848 respiciunt
1225 778 1387 841 Clima,

93 862 318 925 Regiones
356 894 370 913 ,
405 874 447 904 et
483 855 804 902 Domicilium.

165 947 193 971 ω
231 928 376 989 Regio
415 925 596 969 denotat
633 923 788 986 Regna
809 955 825 976 ,
859 919 1118 968 Provincias
1154 952 1170 973 ,
1206 917 1384 983 Pagos,

93 1010 137 1042 et
174 993 272 1040 loca
308 990 536 1056 specialia.

164 1065 191 1111 β
225 1060 372 1109 Clima
423 1058 588 1105 indicat
627 1055 784 1103 caloris
818 1068 895 1101 aut
928 1050 1107 1122 frigoris
1145 1052 1335 1121 gradum
1371 1089 1386 1111 ,

86 1128 207 1175 intra
243 1145 380 1193 quem
415 1127 574 1173 vivunt
612 1128 807 1170 Insecta‚
845 1120 984 1168 Unde

227 1213 267 1243 1.
306 1195 511 1242 Indicum
565 1194 678 1240 inter
726 1191 951 1256 Tropicos
1002 1189 1152 1247 Asiae,
1190 1187 1384 1243 Africae,

85 1277 128 1311 et
165 1265 383 1311 Americae
405 1299 418 1311 .
1020 1306 1028 1309 Α
1371 1282 1374 1283 ’

160 1360 164 1362 -
228 1349 272 1377 2.
308 1329 623 1394 AEgyptiacum
662 1324 921 1390 praecedenti
959 1327 1213 1392 proximum
1236 1360 1249 1372 .

222 1416 263 1459 ᾗ.
303 1396 507 1445 Australe
540 1396 594 1445 ab
629 1395 854 1459 AEthiopia
879 1395 932 1441 ad
955 1402 1104 1461 Caput
1123 1392 1252 1443 bonae
1273 1393 1380 1458 spei.>

79 1470 185 1514 Huc
220 1464 406 1513 refertur
444 1465 659 1511 Americae
694 1480 793 1530 pars
845 1463 1044 1512 australis
1075 1497 1089 1518 ,
1147 1460 1325 1508 Brasilia
1362 1495 1379 1517 ,

85 1535 269 1581 Petuvia
291 1570 302 1581 .

223 1620 270 1659 4.
309 1600 686 1648 Mediterraneum
707 1635 721 1654 ,
758 1597 1188 1664 comprehenditque
1221 1597 1387 1663 Regio-

82 1686 158 1715 nes
198 1671 305 1714 mari
330 1668 650 1714 mediterraneo
670 1668 948 1725 adjacentes,
985 1665 1239 1725 cujusmodi
1279 1679 1383 1711 sunt

82 1735 222 1783 Gallia
242 1733 547 1782 Narbonensis
571 1765 582 1786 ,
602 1732 724 1779 Italia
741 1768 756 1787 ,
776 1736 997 1780 Lusitania
1019 1769 1030 1787 ‚
1049 1733 1260 1795 Hispania
1295 1747 1379 1779 etc.

219 1818 262 1862 5.
303 1801 480 1848 Boreale
514 1801 714 1849 continet
749 1804 976 1863 Europam
1012 1799 1232 1847 borealem
1257 1835 1268 1847 .

219 1874 262 1915 6.
300 1867 528 1916 Orientale
565 1899 578 1920 ‚
630 1868 782 1915 Asiam
837 1867 1057 1934 borealem
1091 1902 1106 1922 ,
1141 1866 1374 1924 Sibiriam,

84 1937 333 1983 Tartariam
358 1971 370 1990 ,
407 1953 449 1981 et
484 1937 614 1997 Syriae
649 1929 818 1999 partem
856 1936 1060 1997 respicit.

218 2020 265 2058 7.
307 2001 596 2049 Occidentale
650 2002 874 2051 reducitur
911 2003 965 2052 ad
1002 2001 1255 2049 Americam
1290 1999 1376 2050 bo-

78 2067 240 2116 realem
261 2100 273 2120 ,
307 2068 587 2134 includitque
622 2072 856 2132 Japoniam
879 2106 894 2124 ‚
931 2085 975 2117 et
1009 2070 1204 2118 Chinam
1224 2103 1240 2124 ,

219 2138 260 2182 8.
307 2136 522 2200 Alpinum
558 2153 713 2184 ornnes
751 2138 950 2184 continet
986 2135 1154 2201 Alpes.

148 2220 185 2261 ’γ
218 2203 510 2259 Domic'ilium
547 2207 723 2268 respicit
756 2203 908 2251 locum
929 2239 942 2257 ‚
978 2205 1026 2251 in
1062 2222 1156 2267 quo
1180 2204 1330 2251 Larvae
1353 2238 1366 2258 ,

79 2272 213 2331 Pupae
240 2301 252 2323 ,
289 2274 335 2315 &
372 2266 590 2336 Ilnagines
626 2270 824 2319 habitant
865 2308 879 2328 ,
914 2286 957 2319 et
995 2270 1255 2318 alimentum
1293 2290 1368 2319 ca-

77 2339 239 2400 piunt.
275 2337 396 2384 Hinc
432 2355 717 2387 numeramus
757 2341 1103 2393 Mare‚Lacus‚
1145 2337 1360 2392 Paludes,

77 2403 225 2452 fimeta
247 2434 258 2456 a
292 2403 516 2452 Cadaver-a
551 2409 870 2470 putrescentia,
906 2406 1198 2471 quisquilias,
1234 2405 1363 2468 plan-

86 2485 149 2518 tas
184 2469 271 2518 fere
305 2488 459 2519 omnes
481 2506 498 2525 ,
537 2474 816 2537 diversasque
840 2490 1000 2520 earum
1037 2490 1213 2537 partes,
1250 2474 1367 2539 ipsa-

85 2553 176 2588 met
213 2539 434 2587 Animalia
472 2539 602 2596 viva,
637 2557 795 2606 resque
831 2540 1042 2588 culinares
1065 2576 1076 2589 .

771 2609 816 2656 D
1249 2610 1290 2661 §-
1330 2624 1374 2656 2.
