1813 2974
1381 201 1415 234 V

170 279 597 359 comparabilem
636 280 1027 354 sapientissimi
1070 297 1277 344 naturae
1324 281 1442 345 'Au-

160 381 337 439 ctoris
395 375 813 454 providentiam
867 377 1084 439 dabitur
1146 382 1438 440 admirari.

163 477 328 551 Quod
368 476 415 534 si
459 494 631 552 porro
671 477 782 533 haec
817 477 1005 534 eadem
1033 477 1283 552 Insecta‚
1308 464 1439 557 pro-

69 615 71 617 -
156 593 218 634 ut
261 575 325 633 ad
368 593 470 634 nos
511 574 870 646 referuntur,
928 576 1283 652 inspiciamus
1309 624 1327 651 ‚
1373 597 1437 635 ea

146 677 233 735 ita
274 675 475 734 mirum
533 677 591 732 in
634 674 853 735 modum
909 693 1139 736 numero
1198 678 1434 753 augeri,

145 790 468 852 tantamque
509 773 666 832 nobis
723 773 1028 832 molestiam
1085 794 1274 831 creare
1335 756 1473 831 exss¹

147 875 397 950 perimur
423 919 439 946 ‚
484 887 548 932 ut
590 892 699 929 non
744 872 904 930 modo
945 871 1070 949 ipsa
1125 871 1438 933 incredibili

148 972 505 1033 multitudine
549 988 763 1030 vexent
825 990 926 1029 nos
962 1015 980 1046 ‚
1044 987 1101 1027 et
1145 970 1438 1048 affligant,

147 1089 346 1130 verum
388 1072 556 1129 etiam
599 1070 866 1151 quidquid
910 1070 1133 1144 obviam
1173 1070 1311 1147 ipsis
1344 1090 1437 1126 oc-

146 1171 364 1245 currit,
405 1172 635 1246 usuique
677 1186 873 1227 nostro
916 1168 1264 1239 destinatur,
1306 1186 1435 1242 per-

144 1265 277 1325 dant
319 1287 380 1324 ac
422 1268 814 1350 pessurndent⁸¹
842 1267 1194 1327 Bruchorum
1235 1281 1293 1322 et
1327 1263 1437 1322 Lo-

141 1380 423 1424 custarum
466 1366 827 1442 exemplum,
870 1383 1075 1441 praeter
1135 1365 1245 1422 alia
1286 1362 1437 1419 Inse-

143 1476 232 1518 cta
262 1457 654 1536 phytiphaga,
681 1462 1173 1531 locupletissimum
1208 1462 1434 1537 hujusce

143 1554 228 1611 rei
288 1569 678 1629 argumentum
729 1556 1053 1632 suppeditat
1085 1598 1104 1615 .
1166 1560 1223 1616 Si
1285 1552 1439 1637 quod*

107 1657 109 1659 ’
144 1655 321 1730 igitur
364 1657 419 1711 in
461 1655 811 1712 Insectorum
869 1673 1071 1716 natura
1130 1658 1434 1734 inspicien-

110 1749 216 1806 ..da
259 1751 498 1809 studium
539 1750 870 1811 collocamus
904 1796 923 1827 ‚
982 1756 1139 1814 nobis
1184 1758 1433 1813 rationes

146 1847 474 1923 detegeret,
521 1849 674 1924 queis
717 1849 841 1906 fieri
888 1868 1115 1926 posset,
1160 1869 1222 1911 ut
1264 1855 1436 1913 nimia

142 1947 396 2022 ipsorum
436 1947 777 2022 propagatio
832 1948 1202 2023 impediretur
1236 1971 1255 2027 5
1310 1951 1434 2023 plu-

145 2045 349 2103 rimum
390 2061 545 2101 certe
586 2044 728 2102 lucri
772 2046 926 2104 nobis
971 2045 1193 2103 accedet
1234 2049 1292 2104 in
1330 2066 1435 2139 «30,v

149 2143 295 2221 quod
334 2143 516 2202 hortis
558 2143 820 2219 agrisque
860 2145 1068 2200 nostris
1093 2190 1108 2215 ‚
1153 2159 1318 2221 atque
1359 2145 1432 2203 iis

150 2240 310 2301 rebus
339 2289 355 2314 ,
397 2262 513 2318 quae
557 2241 690 2299 vitae
732 2240 919 2300 civilis
964 2243 1245 2301 commoda
1296 2265 1439 2320 prze-

150 2338 323 2416 bent³
375 2339 766 2417 detrimentum
820 2342 1129 2416 important
1163 2383 1177 2402 .
1231 2341 1432 2419 Itaque

872 2457 906 2512 β
951 2461 981 2515 3
1304 2439 1414 2497 En·
