1813 2974
550 230 896 279 CAPUT
961 229 1003 280 1.
1340 246 1418 293 43-

128 310 201 358 des
236 307 473 359 anteriores
505 326 609 359 sexu
644 312 818 362 differte
856 350 873 371 ,
912 310 1179 380 posteriores
1209 311 1282 363 vix
1316 329 1404 363 un-

124 395 263 444 quam
287 414 299 426 .
757 392 762 396 ·

257 450 556 494 Instrumenta
599 443 759 496 cibaria
816 445 1093 513 quandoque
1144 445 1407 497 differentias

122 514 314 579 praebere
350 514 494 562 valent
514 549 530 569 ,
564 514 639 562 sed
677 532 778 563 raro
813 514 869 562 ad
901 531 952 563 ea
984 515 1338 581 confugiendum
1358 552 1374 565 .

255 587 465 633 Ceterum
500 582 649 630 omnis
695 580 940 632 differentia
994 583 1196 647 specifica
1247 590 1411 632 numed

124 670 227 701 rum
256 688 271 709 ,
305 650 493 717 figuram
514 685 531 705 ‚
569 651 704 699 situm
743 682 756 705 ‚
804 666 849 697 et
894 650 1235 714 proportionem
1268 653 1416 701 varia-

124 738 226 769 rum
261 719 424 766 Insecti
457 720 687 784 partium,
724 737 751 767 a
782 715 946 784 quibus
978 717 1225 767 desumitur
1266 753 1284 774 ,
1337 733 1415 766 te-

124 790 293 854 spicere
326 784 492 836 debet-

263 859 419 922 Atque
464 869 516 903 ut
548 872 643 903 uno
676 852 814 902 veluti
848 853 1089 903 oculorum
1121 853 1288 904 obtutu
1323 852 1418 900 sin·

125 924 230 993 gula
265 926 364 989 qua:
400 922 589 972 diximus
623 922 913 986 inspiciantur
948 959 964 979 ,
1013 920 1376 972 concludendum
1398 956 1416 976 ‚

122 993 322 1041 colorem
362 1025 380 1045 ,
419 990 774 1058 magnitudinem
813 1021 830 1044 ‚
863 989 1152 1040 collationem
1200 1024 1216 1043 ,
1252 1006 1415 1041 aucto-

119 1063 293 1109 ritatem
316 1094 333 1114 ‚
365 1057 521 1107 locum
543 1095 558 1115 ,
591 1057 853 1107 alimentum
884 1094 900 1115 ,
937 1057 1236 1124 frequentiam
1265 1094 1281 1116 ,
1316 1076 1411 1107 me·

116 1125 461 1191 tamorphosin,
496 1143 671 1191 tempus
694 1163 711 1183 ,
743 1143 896 1174 sexum
932 1161 947 1182 ‚
985 1128 1276 1192 proprietates
1293 1143 1409 1183 sem-z

119 1214 197 1263 per
234 1194 402 1242 fallacia
436 1212 529 1243 esse
565 1231 581 1252 ‚
617 1209 661 1241 et
693 1213 720 1242 a
756 1191 1000 1243 differentia
1032 1194 1311 1243 excludenda
1333 1232 1346 1244 .

251 1262 584 1312 Pubescentiam
618 1280 763 1319 veto,
797 1277 966 1327 caput,
1000 1261 1224 1312 abdomen
1262 1293 1278 1317 ‚
1311 1279 1412 1314 scu-

116 1330 273 1379 tellum
292 1366 307 1387 ,
343 1329 530 1378 caudam
551 1365 570 1386 ,
602 1326 898 1380 instrumenta
931 1329 1127 1387 cibaria,
1166 1345 1412 1386 antennas,

113 1400 376 1450 thoracem,
412 1412 646 1454 sternum,
683 1399 802 1456 alas,
835 1399 966 1464 pedes
1002 1398 1110 1448 fidas
1142 1414 1186 1448 et
1220 1402 1415 1464 optimas

118 1483 250 1517 notas
303 1463 496 1531 praebere
541 1467 590 1514 in
639 1466 966 1534 distinguendis
998 1471 1280 1517 Insectorum
1314 1486 1418 1534 spe-

113 1534 263 1585 ciebus
287 1570 298 1581 .

152 1601 154 1604 ’
255 1604 455 1649 Demum
490 1599 936 1651 animadvertendum
973 1598 1267 1652 diffetentiarn
1289 1621 1413 1653 nun-

116 1685 254 1734 quam
287 1669 417 1734 plura
453 1686 593 1734 quam
629 1670 872 1718 duodecim
910 1668 1127 1719 vocabula
1161 1671 1410 1721 admittere.

697 1963 854 2033 ’ἑὲἓὸ

1281 2535 1405 2590 CA&
