1813 2974
1268 260 1336 308 47

95 434 316 453 —q--0

139 510 1261 595 SECTIOIII.

244 675 347 721 DE
403 668 1153 721 ADUMBRATIONE.

51 754 143 861 P
167 806 341 858 Erfecta
374 807 535 855 Insecti
570 805 753 859 historia
780 839 793 859 ‚
827 821 914 869 qua
951 818 1108 851 omnes
1126 804 1220 863 ejus
1241 799 1341 850 cha-

51 893 237 928 racteres
259 912 274 932 ,
311 875 596 940 proprietates
619 907 632 925 ‚
668 888 710 919 et
747 868 971 923 facultates
1007 871 1251 918 secundum
1269 888 1347 916 or«

55 946 207 995 dinem
241 960 283 992 et
321 942 534 992 terminos
571 940 759 991 scientiae
813 955 1097 1005 exponuntur
1133 974 1147 994 ,
1194 937 1350 984 adum-

54 1010 269 1061 brationis
305 1025 472 1057 nomen
508 1010 626 1074 apud
662 1009 870 1055 Historiae
907 1005 1114 1072 naturalis
1156 1005 1350 1053 cultores

54 1079 260 1128 obtinet.
297 1075 598 1143 Amplectirur
651 1074 802 1124 eadem
838 1093 1008 1128 nomen
1052 1111 1067 1132 ,
1115 1071 1346 1137 etymolo-

51 1150 173 1212 giam
196 1180 210 1202 ‚
250 1145 637 1210 metamorphosin
673 1145 859 1192 Insecti:
895 1143 1077 1194 denotat
1112 1141 1310 1193 Classem
1326 1156 1350 1194 ,⁵

52 1231 151 1280 quo
187 1214 444 1266 reduciturz
477 1213 672 1267 ostendit
708 1211 974 1260 characteres
995 1248 1010 1268 ‚
1045 1206 1311 1263 differentias
1332 1242 1349 1264 ,

54 1283 282 1331 varietates
303 1318 317 1336 ‚
353 1298 599 1346 synonyma
645 1299 656 1329 :
693 1279 971 1345 illustratque
1005 1279 1300 1342 descriptione
1329 1309 1351 1332 ·‚

54 1353 191 1396 leone
215 1370 230 1396 .·
269 1349 444 1402 tandem
481 1350 646 1396 indicat
680 1347 778 1396 loca
816 1383 831 1403 ,
867 1362 1069 1414 tempora
1106 1376 1118 1395 ς
1168 1361 1356 1401 oecono-

63 1419 198 1463 miam
230 1453 245 1476 ‚
281 1434 413 1466 usum
452 1453 464 1466 .
498 1422 611 1474 Quae
648 1432 751 1465 sane
784 1416 935 1462 omnia
969 1413 1207 1480 perfectam
1244 1428 1356 1476 prae-

60 1482 168 1535 bent
202 1486 360 1532 Insecti
395 1485 702 1549 cognitionem
723 1520 734 1532 .
975 1482 979 1485 Δ
1250 1480 1254 1482 ’

202 1553 432 1614 Quoniam
480 1551 571 1598 haec
606 1550 759 1598 omnia
793 1549 1076 1602 adexactarn
1111 1544 1348 1600 adumbra-

64 1618 237 1666 tionem
287 1618 443 1665 diserte
497 1618 654 1664 tradita
707 1635 733 1664 a
769 1617 825 1665 cl.
879 1617 1074 1669 Fabricio
1110 1627 1355 1663 occurrunt

63 1686 114 1732 in
148 1702 223 1731 sua
259 1682 543 1748 Philosophia
574 1683 907 1751 entornologica
926 1720 938 1738 ‚
959 1685 1062 1731 hinc
1080 1700 1132 1732 eo
1153 1681 1342 1728 remitti-

66 1768 168 1800 mus
206 1751 427 1804 studiosos
465 1769 484 1803 ,-
519 1752 809 1813 contentique
862 1766 1037 1802 tantum
1083 1750 1247 1796 erimus
1282 1762 1360 1811 per

64 1835 240 1865 summa
275 1820 419 1880 capita
455 1833 664 1865 normam
698 1815 897 1870 exhibere
938 1849 952 1870 ,
999 1833 1089 1882 qua
1140 1815 1360 1863 concinna

65 1887 227 1933 Insecti
282 1884 564 1934 adumbratio
617 1883 776 1933 confici
830 1887 969 1949 possit
1002 1920 1016 1940 ,
1071 1884 1151 1930 rati
1189 1898 1361 1929 unum-

69 1968 298 2015 quemque
340 1953 509 1998 assidua
566 1954 872 2002 exercitatione
924 1949 1182 2015 hujusmodi
1217 1946 1356 2007 facili-

69 2032 205 2066 tatem
242 2017 322 2065 sibi
355 2036 612 2083 comparare
648 2037 804 2083 posse.

208 2091 259 2131 ln
297 2086 559 2150 exponenda
593 2088 731 2152 igitur
767 2087 927 2139 Insecti
963 2084 1145 2138 historia
1164 2086 1360 2151 primum

70 2154 257 2202 Nomen
299 2156 558 2218 genericum
593 2170 697 2201 cum
733 2156 916 2205 nomine
952 2152 1360 2219 trivialidesignan-

69 2220 181 2266 dum
219 2238 231 2275 ;
287 2221 414 2285 quod
465 2220 752 2286 subsequitur
787 2219 1030 2274 differentia
1063 2220 1262 2286 specifica
1295 2219 1360 2267 le-

70 2286 200 2353 gibus
237 2289 427 2340 scientiae
465 2292 735 2340 concinnata
771 2306 876 2337 cum
899 2291 1108 2338 citatione
1132 2289 1358 2338 Auctoris.

206 2356 413 2418 Sequenti
450 2358 727 2423 paragrapho
762 2357 1054 2425 subjungetur
1075 2357 1357 2420 synonymia,

65 2435 116 2468 ut
149 2421 428 2474 innotescant
464 2423 634 2472 diversa
669 2429 887 2482 nomina,
924 2429 1006 2492 ipsi
1044 2426 1200 2474 tradita
1232 2443 1256 2473 a
1286 2441 1360 2471 va-

66 2490 140 2534 riis
174 2489 463 2553 scriptoribus
501 2524 515 2544 ,
563 2507 608 2540 et
655 2490 819 2558 quibus
875 2492 1194 2543 characteribus
1227 2492 1361 2540 fuerit

74 2553 309 2604 definitum
341 2561 564 2607 Insectum
583 2594 599 2612 .
1253 2563 1360 2609 Post
