1813 2974
463 234 559 289 716

448 317 554 362 Huc
605 314 736 375 refero
787 311 967 360 citatam
1022 310 1182 358 iconem
1216 346 1231 367 ,
1263 329 1373 376 quae
1405 332 1516 364 nova
1545 316 1721 367 videtur

516 378 668 444 species
698 398 709 434 3
745 397 844 428 nam
878 377 1022 443 differt
1053 378 1106 425 ab
1135 378 1215 422 hac
1235 412 1250 433 ,
1285 383 1398 442 quod
1429 383 1544 429 hirta
1575 417 1589 436 ‚
1625 384 1713 432 mi-

512 462 667 508 norque
701 461 759 493 est
791 466 802 502 ς
851 461 892 494 et
928 446 1071 508 fascia
1105 443 1384 495 abdominales
1417 448 1657 513 inaequales
1692 486 1710 506 ‚

510 512 778 575 anteriorque
811 516 980 561 macula
1010 510 1154 581 potius
1176 543 1190 562 ,
1229 530 1358 575 quam
1383 516 1527 576 fascia
1561 517 1711 564 haben-

509 580 596 627 da.
632 582 745 629 Alae
778 583 948 632 demum
981 594 1157 648 cyaneae
1186 612 1198 627 .
1219 583 1296 627 An
1330 584 1437 632 Scol.
1471 581 1634 632 bicinm
1653 591 1678 633 ,ἓ

657 715 1478 768 APPENDIX.

436 846 510 894 Ne
542 850 652 913 quid
686 850 941 903 omiserim,
979 850 1105 914 quod
1125 852 1697 915 illustrationilnsectorum

501 919 641 966 nostri
677 918 823 982 Regni
856 919 1061 966 inservire
1097 936 1243 982 posset
1278 954 1293 973 ,
1328 919 1562 982 praecipuas
1599 936 1700 983 spe-

498 985 585 1032 cies
620 985 929 1037 Insectorum,
971 1003 1078 1048 quas
1114 991 1171 1037 D.
1206 984 1397 1048 Cyrillus
1432 987 1477 1031 in
1496 986 1702 1048 specimi-

497 1049 627 1099 nibus
662 1050 886 1098 Entomol.
921 1052 1110 1114 Neapol.
1146 1053 1290 1102 adhuc
1324 1050 1448 1099 editis
1465 1054 1710 1118 pictastta-

499 1115 612 1169 didit
643 1118 715 1165 hic
749 1133 966 1169 recensere
998 1121 1269 1170 existimavi.

969 1185 1084 1233 Tab.
1127 1192 1162 1234 Ι.

430 1250 521 1314 fig.
556 1267 600 1312 5.
652 1247 794 1300 Scolia
825 1251 1086 1313 unifasciata
1140 1251 1394 1299 subhirsuta.
1441 1265 1534 1297 atra
1573 1285 1588 1307 ,
1623 1248 1700 1297 alis

497 1319 698 1366 violaceis
730 1346 745 1372 ς
796 1316 1041 1367 abdominis
1095 1317 1222 1365 fascia
1275 1321 1402 1366 unica
1436 1316 1580 1374 flava,
1612 1334 1699 1364 ano

497 1398 702 1433 truncato
731 1421 740 1432 .
776 1388 959 1434 Inventa
991 1387 1036 1431 in
1070 1388 1167 1432 sinu
1201 1386 1389 1446 baiano.

427 1452 518 1517 fig.
556 1470 599 1509 9.
635 1450 828 1498 Phalaena
865 1451 1054 1498 litterata
1092 1453 1317 1499 seticornis
1354 1481 1366 1500 2
1402 1448 1478 1496 alis
1512 1450 1698 1516 integri-s

495 1535 681 1580 superne
731 1517 984 1581 ferrugineis
1031 1518 1162 1564 literis
1198 1530 1232 1562 Δ
1267 1533 1309 1564 et
1341 1520 1384 1564 T
1420 1517 1640 1580 inscriptis
1675 1552 1692 1572 ,

493 1585 614 1633 lineis
647 1585 860 1649 angulatis
893 1585 1156 1649 punctisque
1192 1582 1296 1630 albis
1334 1600 1346 1635 ς
1402 1579 1555 1629 subtus
1590 1582 1697 1630 albis

492 1650 903 1715 nigro-maculatis.
940 1650 1101 1700 Media
1135 1665 1221 1699 est.
1261 1648 1443 1697 Habitat
1475 1649 1523 1696 in
1557 1666 1697 1698 mon-

491 1721 607 1768 tibus
642 1717 871 1766 ·Basilicatae
891 1752 902 1765 .

956 1784 1067 1835 Tab.
1102 1789 1160 1835 ΙΙ.

427 1854 568 1919 Fig.3.
585 1852 725 1901 Scolia
759 1853 941 1917 neglecta
961 1887 974 1906 ,
1011 1854 1135 1916 nigra
1157 1887 1171 1907 ,
1191 1850 1468 1901 immaculata
1486 1885 1502 1906 ,
1522 1849 1699 1901 thorace

497 1924 638 1969 hitto.
675 1924 727 1966 In
762 1919 899 1967 hortis
935 1922 1220 1968 communis·

422 1999 503 2037 Est
536 1988 646 2036 inter
682 1986 886 2035 minores.
911 1992 1064 2052 Corpus
1098 1987 1300 2053 nigrum,
1329 1987 1657 2037 immaculatum
1676 2020 1689 2034 .
1736 2002 1744 2029 ι

493 2064 697 2104 Antennae
733 2051 994 2118 longitudine
1027 2051 1211 2102 thoracis
1232 2088 1246 2102 .

423 2123 511 2187 Fig.
547 2142 595 2180 4.
629 2120 835 2170 Tabanus
869 2118 1000 2167 morio
1036 2121 1157 2183 niger
1191 2118 1333 2167 oculis
1366 2118 1657 2168 immaculatis
1673 2130 1692 2177 ,'

489 2187 756 2254 marginibus
810 2199 1139 2251 segmentorum
1189 2185 1436 2242 abdominis
1470 2188 1694 2236 albicanti-

492 2255 577 2302 bus
598 2291 608 2301 .
644 2259 694 2301 In
730 2255 900 2301 hortiS.

429 2326 544 2371 Inter
577 2323 754 2380 majores
771 2353 784 2367 .
822 2321 950 2369 Pedes
987 2318 1103 2384 nigri
1125 2359 1134 2369 .
1172 2322 1260 2369 Αἶα
1295 2318 1692 2372 snbcaernlescentes.

427 2390 519 2454 fig.
564 2394 606 2436 6.
639 2389 776 2436 Tinea
808 2389 1098 2434 sexmaculam
1146 2388 1220 2435 alis
1258 2385 1511 2453 ferrugineis
1533 2425 1546 2445 ,
1567 2405 1695 2450 supe-

496 2456 684 2502 rioribus
717 2453 895 2501 maculis
926 2469 1001 2500 sex
1036 2487 1052 2511 ,
1085 2456 1352 2522 punctisque
1384 2455 1490 2503 albis
1512 2490 1526 2504 .
1558 2455 1695 2500 Inlo-

496 2524 559 2569 cis
593 2521 767 2570 incultis
786 2555 800 2571 .
1490 2519 1690 2585 Tab.1119
