1813 2974
377 296 433 329 10
569 284 650 330 DE
687 282 987 330 PARTIBUS
1022 285 1443 333 INSECTORUM

869 367 1214 416 horizontalibus
1249 371 1389 434 spatio
1440 370 1648 422 remotis.

866 435 1078 483 Priontts.

797 504 1142 558 Tentaculatus,
1179 502 1407 550 tentaculis
1449 505 1645 552 retracti-

858 568 972 617 libus
1023 538 1167 617 bifidis
1218 573 1455 644 utrinque
1474 573 1642 620 instru-

858 653 985 688 ctus.
1021 635 1308 685 Malachius.

790 704 992 753 Callosus
1026 740 1039 760 ,
1098 702 1335 751 substantia
1382 723 1407 750 a
1461 705 1640 755 thorace

851 771 1020 818 diversa
1055 773 1263 835 utrinque
1300 787 1472 820 tectus.
1507 776 1634 844 Chry·

852 842 1005 887 somela
1039 839 1234 886 collaris.

781 904 999 961 Ciliatus,
1050 907 1150 953 setis
1185 905 1393 968 parallelis
1429 906 1629 975 longitu-

848 973 977 1021 dinal
983 973 1062 1021 bus
1096 972 1366 1020 obvallatus,

781 1042 945 1089 Erosus
979 1073 991 1094 5
1043 1038 1224 1087 sinubus
1276 1039 1514 1098 majoribus
1550 1059 1627 1091 aut

840 1108 1089 1156 minoribus
1123 1109 1330 1171 utrinque
1364 1125 1625 1161 excavatus.

844 1177 1096 1251 Cerambyx.

767 1244 993 1291 Foliaceus
1054 1278 1068 1297 ,
1155 1239 1426 1306 marginibus
1493 1244 1621 1292 valde

833 1307 1188 1386 prominentibus
1242 1307 1582 1359 membranaceis
1604 1349 1615 1360 .

837 1379 1047 1425 Mantis.

762 1442 963 1492 Deflexus
985 1441 1291 1508 ,marginibus
1326 1442 1581 1494 declinatis.

760 1514 979 1568 Inermis,
1014 1510 1285 1576 marginibus
1314 1513 1503 1559 omnino
1536 1514 1613 1562 lae-

826 1578 992 1627 vibus.

388 1643 592 1693 Saturis.
716 1644 892 1703 Quibus
946 1646 1126 1711 reliquis
1175 1646 1376 1706 corporis
1412 1646 1607 1710 partibus

818 1714 1038 1762 adhaereiz.
1092 1716 1175 1760 Hae
1223 1727 1327 1758 sunt
1375 1718 1605 1783 coleoptra-

820 1797 960 1827 torum
1011 1782 1227 1845 propriae.

744 1848 879 1894 Unde
915 1865 1004 1911 qua
1022 1849 1165 1910 Capiti
1203 1846 1357 1894 thorax
1374 1847 1590 1912 adligatur

813 1919 1005 1961 anterior
1042 1924 1204 1961 Sutura
1239 1915 1453 1970 dicenda3
1507 1935 1597 1980 qua

813 2001 918 2029 vero
955 1981 1116 2051 Elytris
1154 1984 1371 2045 posterior
1407 2017 1418 2030 .

369 2050 396 2096 β
457 2048 840 2095 SCUTELLUM
899 2049 1068 2096 thoraci
1119 2049 1288 2114 postico
1337 2049 1587 2108 adhaerens,

300 2112 415 2158 inter
448 2114 534 2161 alas
571 2131 861 2178 poi-,rectum

434 2185 485 2228 In
521 2181 785 2247 quibusdam
823 2184 1003 2231 Insectis
1042 2182 1192 2236 deest;
1229 2184 1274 2229 in
1312 2182 1473 2247 quibus
1513 2204 1587 2234 au-

298 2262 389 2295 tem
425 2248 574 2302 adest,
596 2250 768 2297 videtur
803 2250 969 2297 alarum
1004 2251 1256 2313 expansioni
1288 2251 1400 2298 inter
1437 2252 1592 2300 volan-

295 2315 405 2363 dum
442 2318 682 2365 inservire.
723 2317 879 2365 Differt
914 2321 1240 2383 proportione,
1297 2317 1471 2384 figura,
1512 2338 1582 2368 su

293 2384 469 2448 perficio
487 2416 499 2436 ,
534 2388 655 2448 apice
676 2422 688 2436 .
890 2438 893 2442 A

363 2453 663 2521 Proportione.
733 2453 987 2502 Abdomine
1041 2452 1252 2514 brevius,
1304 2470 1353 2503 ut
1406 2455 1452 2501 in
1486 2451 1580 2518 ple-

689 2554 692 2555 ν
788 2523 966 2589 risque.
1481 2586 1552 2636 Ab
