1813 2974
468 252 957 302 CAPUT
1090 251 1129 297 1.
1427 257 1486 305 39

492 406 534 456 §0
565 403 624 452 11.
656 406 728 452 De
767 397 1088 450 Characteribus
1113 438 1126 450 .

199 546 524 658 CLassium
578 601 845 654 characteres
881 603 935 651 ab
982 602 1136 651 iisdem
1173 615 1344 664 semper
1379 598 1483 662 pair-

200 672 316 721 tibus
352 679 627 720 Insectorum
662 673 832 721 desumi
868 671 1025 719 debent
1080 686 1114 723 ;v
1147 668 1249 715 hinc
1314 667 1483 729 optime

203 744 409 789 Linnaeus
459 742 513 788 ab
547 740 624 788 alis
675 744 973 789 Insectorum‘
1003 738 1209 785 classium
1263 734 1486 781 characte-

204 826 272 856 res
324 811 555 857 constituit
588 828 601 864 5
637 806 886 876 disertoque
928 803 1158 855 'Fabricius
1213 800 1266 848 ab
1320 802 1488 847 instru-

204 879 365 924 mentis
401 874 605 938 cibariis.
752 878 787 905 2*

258 951 263 962 ¹
326 947 551 991 Generum
585 941 854 990 characteres
889 955 941 1006 uvt
974 943 1062 990 sint
1085 950 1370 988 constantes,
1408 950 1478 980 rc·

188 1011 354 1075 spicere
386 1009 547 1057 debent
579 1027 833 1064 numerum,
859 1010 1079 1076 figuram,
1113 1006 1244 1054 sitnm
1272 1041 1283 1058 ‚
1304 1018 1344 1049 et
1376 1017 1476 1069 pro-

177 1077 415 1149 portionem
451 1080 676 1142 pattium‚
714 1096 738 1123 a
778 1075 944 1140 quibus
998 1081 1293 1124 desumuntur
1324 1107 1336 1119 .
1395 1071 1478 1115 Hae

180 1145 329 1211 regula
365 1149 535 1193 Genera
568 1142 762 1192 confecit
798 1138 1333 1197 Fabricius‚desumendo
1370 1135 1477 1213 eha-

179 1229 363 1261 racteres
407 1230 432 1260 a
470 1225 692 1268 numero,
729 1209 904 1277 figura,
941 1213 1027 1260 situ
1049 1244 1060 1262 2
1097 1227 1141 1258 et
1176 1219 1471 1280 proportlsme

178 1281 372 1344 partium
412 1280 502 1327 oris
539 1285 820 1328 Insectorum
845 1317 858 1335 ‚
895 1296 999 1327 curn
1035 1280 1140 1343 quia
1175 1287 1473 1345 consmntiam

177 1347 488 1406 characterum
525 1349 570 1394 in
607 1347 690 1395 illis
725 1347 921 1411 partibus
956 1348 1127 1394 invenit
1163 1364 1176 1400 ,·
1232 1359 1330 1390 tum
1367 1355 1473 1403 qma

176 1411 448 1463 sufficientes
498 1430 618 1463 notae
654 1433 708 1463 ex
750 1414 835 1462 illis
868 1415 1030 1463 extrahi
1055 1428 1241 1478 possunt
1279 1411 1360 1474 p‘ro
1384 1423 1474 1454 sta-

175 1481 350 1530 tuendis
384 1487 662 1531 Insectorum
696 1483 841 1532 adhue
891 1483 1169 1533 detectorum
1209 1517 1223 1537 ,
1274 1493 1316 1524 et
1351 1476 1472 1522 dete-

176 1549 428 1616 gendorum
466 1550 711 1612 Generibus
737 1587 749 1599 .
1372 1611 1379 1619 ·

319 1617 578 1665 Numerum
631 1620 826 1682 partium
879 1618 969 1665 oris
1025 1621 1071 1666 in
1145 1608 1470 1678 congeneribus

181 1685 594 1732 constantissimum
628 1702 673 1731 sc
707 1683 961 1732 observasse
996 1699 1177 1733 testatur
1219 1681 1283 1727 lll.
1323 1677 1468 1724 Fabri-

177 1750 276 1797 tius
297 1784 310 1797 .
346 1752 551 1818 Figuram
585 1750 932 1797 verointerdurn
953 1755 1115 1800 variare
1133 1747 1316 1799 candide
1352 1745 1470 1790 idem

181 1815 380 1871 fate-tum
414 1818 488 1866 sed
524 1819 661 1866 sirum
697 1818 767 1866 vix
799 1816 994 1866 aberrare
1014 1856 1029 1877 ,
1049 1815 1470 1885 ecpropottionem.

176 1900 397 1932 rarissime
433 1901 583 1932 asserit
607 1918 620 1945 ·‚

312 1957 613 2000 Instrumenta
648 1951 810 2000 cibaria
845 1954 893 2002 in
948 1956 1077 2003 vario
1131 1970 1232 2000 sexu
1266 1947 1468 2012 ejusdem

174 2020 330 2085 speciei
366 2021 583 2066 rarissime
617 2018 829 2068 differunt
871 2039 903 2070 .’
935 2024 977 2068 Si
1033 2020 1138 2068 vero
1194 2022 1239 2066 iu
1294 2024 1470 2066 Lucano

183 2094 315 2136 Cervo
350 2085 617 2149 mandibulaej
654 2088 831 2134 diversae
867 2090 989 2144 sint,
1019 2102 1062 2133 et
1102 2088 1216 2152 paipi
1257 2088 1303 2133 in
1341 2090 1465 2130 Ara-

173 2172 254 2204 nea
287 2185 300 2207 ,
335 2155 382 2201 in
435 2154 501 2201 his
547 2170 694 2204 tamen
743 2155 926 2203 maxillae
977 2170 1020 2202 et
1071 2156 1235 2204 labium
1292 2165 1464 2213 semper

177 2223 537 2270 constantissima
569 2238 614 2270 et
646 2220 866 2269 simillima
887 2260 898 2273 .

318 2293 531 2337 Antennae
582 2289 638 2338 ad
673 2295 896 2338 Generum
933 2289 1198 2338 characteres
1253 2306 1351 2336 raro
1386 2283 1471 2333 ali-

173 2359 285 2421 quid
319 2372 525 2421 praestant
561 2374 573 2410 3
623 2358 698 2406 sed
734 2359 995 2406 adnotandae
1034 2375 1204 2423 semper
1255 2360 1301 2404 in
1341 2372 1460 2403 uno-

174 2441 358 2491 quoque
395 2430 597 2482 Genere,
631 2443 682 2474 ut
718 2444 800 2491 pro
837 2426 1156 2474 characteribus
1193 2423 1464 2474 secundariis

174 2494 386 2548 inservire
417 2497 621 2560 possint,
654 2511 700 2547 et
734 2497 915 2545 Generis
952 2497 1259 2561 cognitionem
1294 2491 1465 2540 facilio*

849 2564 893 2615 C
945 2580 979 2623 4-
1365 2576 1462 2608 rem
