1813 2974
396 270 455 318 32.
531 257 610 304 DE
647 255 1067 307 INSECTORUM
1108 259 1537 311 METAMORPH.

837 340 1059 389 Abdomen
1079 346 1341 392 corticatum
1366 383 1378 401 ,
1397 347 1679 407 annulatum

868 411 1181 475 spiraculisque
1218 429 1445 474 pertusum
1464 451 1474 461 .

534 475 778 522 Coarctatae
813 479 1181 542 metamorphosis
1218 482 1342 525 larva
1377 482 1518 544 apoda
1546 518 1560 537 ,
1595 501 1678 529 an·-

398 539 580 594 nulata,
623 543 797 589 mobilis
829 543 1098 591 annulorum
1135 549 1396 610 expansione
1432 583 1447 604 ,
1502 566 1678 598 constat

401 610 544 671 capite
566 644 578 662 ‚
612 609 878 659 abdomine.
932 613 1116 658 Exuvias
1144 614 1269 665 haud
1304 615 1420 662 exuit
1445 651 1457 670 ‚
1493 633 1548 663 ne
1584 634 1677 663 tne-

397 675 705 740 tammphosin
740 679 922 741 quidem
956 678 1103 728 subit.
1125 679 1345 746 Pleraeque
1381 682 1534 731 molles
1554 699 1675 740 sunt,

407 741 592 800 albidae.

601 816 759 878 Papa.
844 816 1078 865 Coarctata
1120 849 1138 871 ,
1177 816 1387 863 corticata
1425 853 1438 871 ‚
1475 815 1686 863 immobi—

914 883 996 940 lis,
1033 882 1173 944 nullas
1209 899 1349 946 partes
1388 883 1684 949 Imaginisla-

917 953 1047 998 tentis
1085 951 1319 998 ostendens
1343 987 1354 998 .

533 1018 759 1068 :IMAGO
796 1017 886 1065 sive
923 1023 1146 1065 Insectum
1165 1015 1693 1082 perfectum,ssgenerans‚

411 1082 583 1146 pariens
620 1121 636 1140 ,
693 1084 815 1149 agilis
855 1121 869 1140 ,
904 1084 1164 1149 plerumque
1198 1085 1307 1131 alata
1344 1116 1356 1137 ,
1403 1088 1694 1146 antennisque

409 1151 658 1204 instructa,
700 1151 865 1199 virilem
904 1153 1062 1201 Insecti
1097 1167 1267 1198 aetatem
1303 1151 1471 1198 exhibet
1518 1185 1531 1200 .
1583 1152 1695 1197 Non

411 1217 602 1279 amplius
638 1220 839 1266 increscit
874 1238 887 1275 ς
922 1222 1015 1265 imo
1052 1218 1196 1281 plures
1235 1222 1398 1282 species
1434 1235 1487 1263 ne
1524 1219 1696 1264 victum

412 1285 596 1346 quidem
633 1286 815 1348 capiunt
851 1321 866 1341 ,
914 1302 957 1332 et
992 1286 1072 1334 soli
1108 1288 1377 1350 generationi
1412 1300 1514 1332 sunt
1549 1287 1694 1359 inten-

411 1364 496 1405 tae3
533 1370 622 1415 qua
658 1369 828 1417 peracta
864 1352 984 1399 brevi
1017 1369 1200 1418 pereunt
1221 1389 1234 1408 ‚
1269 1369 1310 1400 et
1344 1354 1389 1400 in
1418 1355 1566 1399 avium
1620 1368 1693 1398 m-

409 1419 567 1480 psimis
602 1437 744 1466 escam
780 1420 948 1475 Cedffl‘
976 1458 986 1468 .
1040 1422 1249 1471 Ceterum
1286 1436 1389 1469 sunt
1422 1419 1692 1466 annui'Na-

416 1497 525 1531 turae
565 1487 751 1533 ministri
791 1519 804 1538 ‚
861 1487 938 1551 qui
998 1486 1106 1533 dum
1139 1488 1309 1534 victum
1345 1501 1550 1551 quaerunt
1586 1501 1694 1548 pro-

413 1554 672 1613 portionem
706 1555 819 1598 inter
853 1551 1108 1617 vegetabilia
1142 1570 1333 1612 servant,
1354 1570 1397 1602 et
1431 1550 1648 1617 superflua
1670 1585 1685 1606 ‚

410 1632 590 1668 mortua
624 1654 641 1677 ,
673 1619 851 1684 putrida
885 1635 1158 1671 consumunt
1179 1655 1192 1669 .

1495 2578 1705 2627 CAPUT
