1813 2974
417 243 480 291 ³4
679 227 760 273 nr:
791 224 1216 298 INSECTORUM
1251 225 1411 278 sexo·

410 329 463 361 to
498 307 639 357 exiens
673 305 926 355 satellitibus
960 326 1130 371 semper
1165 311 1320 375 stipata
1353 347 1367 361 .
1423 314 1565 372 Quod
1598 317 1692 365 sin-

411 376 561 444 gulare
606 390 671 422 est
704 373 972 439 polyandria:
1004 377 1211 425 naturalis
1243 379 1495 444 exemplum
1527 385 1580 430 in
1611 387 1690 432 In-

418 460 578 492 sectis.

550 509 736 556 Feminae
771 513 1049 558 Insectorum
1083 527 1188 576 post
1221 529 1419 562 ovorum
1451 512 1694 578 depositio-

414 594 518 624 nem
554 591 773 639 pereunt,
809 580 998 642 exceptis
1029 579 1279 643 aquaticiS,
1312 597 1377 628 ex.
1394 600 1461 649 gr.
1496 586 1694 638 Cancro,

414 647 581 692 Astaco
603 678 618 698 ,
653 646 907 692 Monocuio
933 683 946 696 .

550 713 663 758 Sunt
712 729 818 759 vero
881 709 1083 777 quaedam
1132 716 1304 761 Insecta
1342 747 1355 770 ,
1409 715 1545 780 idque
1595 734 1699 766 raro

414 777 615 843 exemplo
649 811 665 833 ,
701 796 800 843 quae
834 798 1029 828 ovorum
1064 779 1207 829 adhuc
1244 799 1397 832 curam
1432 798 1623 848 gerunt.

890 848 1052 896 Astaci
1087 848 1168 896 s'ub
1203 848 1446 898 abdomine
1481 869 1568 899 ova
1602 869 1695 899 ser-

947 932 1053 962 vant
1074 948 1109 969 ιχ

885 988 1068 1033 Aranea
1115 1000 1294 1035 saccum
1327 984 1433 1034 ovis
1469 985 1689 1050 repletum

958 1052 1216 1099 circumfert
1238 1089 1246 1098 .

890 1123 1011 1185 Apes
1045 1134 1089 1166 er
1124 1118 1319 1165 Formica
1371 1135 1569 1167 ovorum
1587 1136 1701 1167 con-

963 1202 1265 1234 servationem
1298 1201 1464 1234 neutris
1499 1203 1714 1236 commit-

963 1267 1110 1302 tunt.

896 1320 1085 1368 Oniscns
1118 1321 1265 1368 ovain
1282 1319 1584 1369 loculamento
1603 1340 1714 1385 qua-

966 1387 1150 1435 drivalvi
1186 1387 1269 1435 sub
1301 1389 1539 1436 abdomine
1567 1392 1681 1454 gerit
1702 1426 1715 1438 .

897 1459 1055 1501 Coccns
1097 1455 1339 1503 immobilis
1375 1474 1461 1503 ova
1494 1458 1609 1503 intra
1643 1456 1721 1504 ab·

963 1520 1129 1569 domen
1165 1522 1359 1570 excludit
1380 1540 1513 1586 ,quae
1547 1522 1722 1571 exclusa

971 1589 1054 1635 sibi
1090 1591 1258 1637 exitum
1292 1606 1475 1653 parant5
1497 1588 1602 1635 hinc
1623 1608 1723 1637 cor-

964 1673 1047 1720 pus
1092 1660 1243 1703 matris
1278 1659 1402 1721 quasi
1440 1659 1724 1722 integumen-

962 1739 1062 1770 tum
1097 1741 1294 1770 ovorum
1329 1723 1508 1771 evadit.

562 1789 787 1855 Stupenda
836 1788 1018 1836 demum
1072 1794 1354 1837 Insectorum
1406 1788 1607 1837 fertilitas
1658 1790 1716 1838 ad

427 1860 585 1921 speciei
642 1861 1025 1906 conservationem
1064 1893 1075 1905 .
1140 1857 1343 1921 Bombyx
1398 1874 1584 1917 3-400.
1633 1874 1721 1906 ova

434 1928 678 1992 quotannis
716 1928 859 1990 parit.
896 1926 1006 1991 Apis
1041 1942 1186 1983 4000.
1224 1943 1310 1972 ova
1348 1927 1507 1989 ponit.

573 2000 743 2043 Insecta
775 1993 921 2040 adhuc
956 2008 1063 2039 nota
1095 1994 1277 2057 ovipara
1312 2006 1447 2039 sunt.
1498 1996 1613 2049 Quae
1649 2007 1728 2038 au-

436 2077 527 2109 tem
570 2063 626 2108 de
675 2059 927 2123 Aphidibus
978 2059 1184 2121 viviparis
1235 2061 1384 2106 asserit
1419 2060 1723 2113 Reamurius,

431 2145 475 2178 et
509 2130 561 2177 de
595 2128 748 2175 iisdem
786 2144 862 2191 per
897 2128 1035 2177 varias
1069 2127 1370 2189 generationes
1404 2125 1458 2173 ab
1481 2129 1615 2173 unico
1635 2127 1724 2171 coi-

435 2212 486 2246 tu
520 2195 710 2262 gravidis
744 2196 791 2242 in
827 2193 1023 2240 medium
1054 2192 1201 2239 attulit
1234 2193 1351 2240 idem
1387 2196 1560 2241 Auctor
1582 2226 1595 2244 2
1641 2193 1722 2239 etsi

433 2265 481 2311 in
517 2262 704 2310 dubium
740 2262 935 2310 revocari
971 2263 1169 2324 possint,
1190 2260 1378 2325 generali
1407 2275 1551 2309 tamen
1573 2263 1722 2309 Natu-

439 2349 496 2380 tae
531 2331 614 2397 legi
648 2332 832 2378 minime
864 2329 1148 2376 adversantur
1170 2365 1180 2376 .
1238 2327 1359 2375 Idem
1391 2328 1446 2375 de
1481 2331 1644 2379 CocciS
1676 2341 1724 2375 et

438 2401 618 2447 Oniscis
649 2416 779 2465 supra
813 2398 1068 2447 memoratis
1100 2394 1435 2463 intelligendum
1456 2433 1468 2445 .

1626 2463 1723 2510 Ham
