1813 2974
418 301 485 352 46
616 296 720 351 DE
772 293 1521 349 DENOMINATIONE

552 378 598 425 Si
646 382 796 426 Genus
831 395 1057 443 receptum
1089 383 1136 431 in
1172 382 1298 449 plura
1331 383 1630 435 dirimendum
1668 396 1685 444 ,‘

409 457 520 492 tunc
557 447 865 512 vulgatissimo
899 451 1074 498 Insecto
1107 466 1158 498 ex
1191 454 1284 510 ejus
1320 451 1544 513 speciebus
1565 470 1688 502 com-

407 530 544 561 mune
577 532 744 566 nomen
779 513 1118 577 relinquendum
1158 555 1167 566 .
1220 518 1291 566 Cl.
1329 517 1547 567 Fabricius
1581 523 1686 567 Sca·

405 582 533 629 rabaei
569 600 706 649 genus
739 585 786 630 in
806 581 1006 645 quinque
1025 587 1192 630 Genera
1223 583 1372 631 divisit
1394 620 1409 639 ‚
1432 602 1687 650 nomenque

389 649 599 698 scarabaei
618 649 980 716 frequentissimis
997 650 1220 718 speciebus
1252 650 1368 703 illius
1401 654 1584 700 Generis
1617 672 1685 701 at·

401 715 556 770 tribuit
578 755 590 767 .
700 718 703 721 ’

538 787 702 849 Neque
733 783 969 849 plusquam
1002 782 1242 834 duodecim
1278 784 1420 833 literas
1454 788 1681 836 contineat

400 869 569 905 nomen
605 854 870 905 Genericum
904 888 919 904 ,.

531 923 702 988 Species
739 924 1015 973 Insectorum
1037 933 1049 975 3
1079 937 1182 989 quae
1200 920 1254 968 ad
1275 920 1508 985 proprium
1528 927 1677 970 Genus

396 989 650 1056 pertinent,
687 989 865 1053 propria
900 992 1084 1038 nomina
1118 991 1326 1050 imposita
1362 986 1523 1035 habent
1547 1020 1558 1040 ‚
1579 1008 1678 1055 quae

388 1057 580 1105 trivialia
623 1056 836 1106 dicuntur
860 1093 872 1105 .
926 1059 1031 1105 Hoc
1065 1055 1121 1104 cl.
1159 1056 1325 1102 Linnaei
1359 1057 1592 1102 inventum
1627 1057 1681 1104 ab

393 1124 604 1174 omnibus
651 1138 879 1186 receptum
922 1160 937 1179 ,
989 1126 1038 1171 in
1090 1122 1391 1174 commodum
1438 1121 1672 1170 cultorum

392 1192 589 1245 ,historiae
623 1189 830 1238 naturalis
864 1191 1005 1240 cedit.

522 1258 726 1314 Nomina
780 1256 975 1308 trivialia
1025 1257 1114 1308 sint
1160 1255 1308 1307 brevia
1345 1294 1355 1306 .
1412 1256 1682 1322 Numquam

390 1326 607 1380 mutanda
627 1364 638 1376 .

524 1399 638 1452 Quae
686 1392 744 1441 ad
777 1390 1124 1441 clarissimorum
1157 1390 1377 1443 virorum
1409 1393 1674 1442 memoriam

391 1458 648 1509 introducta
682 1458 925 1507 servanda.

524 1528 726 1578 Nomina
779 1524 962 1575 trivialia
1012 1542 1037 1573 e
1081 1521 1241 1590 plantis
1276 1555 1290 1580 ‚
1343 1524 1513 1590 quibus
1550 1522 1676 1573 larvae

386 1593 592 1642 victitant
612 1625 625 1647 ‚
658 1594 829 1658 optima
864 1606 969 1639 sunt
988 1627 999 1639 .

383 1722 386 1724 .
519 1658 814 1711 Tolerabilia,
837 1676 936 1724 quae
969 1676 995 1707 a
1028 1655 1179 1709 colore
1199 1692 1217 1715 ,
1251 1675 1277 1705 a
1316 1655 1422 1707 loco
1445 1691 1462 1714 ,
1500 1658 1555 1704 ab
1588 1675 1672 1703 an-

387 1729 436 1779 ni
475 1726 749 1790 temporibus
771 1761 785 1773 .
912 1740 914 1742 ·

517 1795 718 1847 Nomina
766 1789 950 1839 trivialia
984 1790 1161 1856 proptia
1196 1803 1273 1838 aut
1306 1787 1578 1840 substantiva
1614 1789 1670 1838 li-

378 1863 483 1918 geris
517 1860 755 1911 initialibus
787 1857 1029 1923 majoribus
1063 1857 1291 1927 pingenda
1313 1893 1326 1908 .

965 2201 1119 2271 *ἓέῒὲ

1565 2611 1651 2657 ΞΕ-
