<?xml version="1.0" encoding="UTF-8"?>
<!DOCTYPE html PUBLIC "-//W3C//DTD XHTML 1.0 Transitional//EN"
    "http://www.w3.org/TR/xhtml1/DTD/xhtml1-transitional.dtd">
<html xmlns="http://www.w3.org/1999/xhtml" xml:lang="en" lang="en">
 <head>
  <title>
</title>
<meta http-equiv="Content-Type" content="text/html;charset=utf-8" />
  <meta name='ocr-system' content='tesseract 3.04.00' />
  <meta name='ocr-capabilities' content='ocr_page ocr_carea ocr_par ocr_line ocrx_word'/>
</head>
<body>
  <div class='ocr_page' id='page_1' title='image "./vincentiipetagn00peta_0067.png"; bbox 0 0 1813 2974; ppageno 0'>
   <div class='ocr_carea' id='block_1_1' title="bbox 317 454 1117 636">
    <p class='ocr_par' dir='ltr' id='par_1_1' title="bbox 317 454 1117 636">
     <span class='ocr_line' id='line_1_1' title="bbox 380 454 1061 505; baseline -0.009 0"><span class='ocrx_word' id='word_1_1' title='bbox 380 458 424 505; x_wconf 87' lang='lat' dir='ltr'><strong>C</strong></span> <span class='ocrx_word' id='word_1_2' title='bbox 491 455 531 500; x_wconf 93' lang='lat' dir='ltr'><strong>A</strong></span> <span class='ocrx_word' id='word_1_3' title='bbox 599 454 633 498; x_wconf 85' lang='grc' dir='ltr'><strong>Ρ</strong></span> <span class='ocrx_word' id='word_1_4' title='bbox 700 455 745 498; x_wconf 91' lang='lat' dir='ltr'><strong>U</strong></span> <span class='ocrx_word' id='word_1_5' title='bbox 818 455 860 500; x_wconf 92' lang='lat' dir='ltr'><strong>T</strong></span> <span class='ocrx_word' id='word_1_6' title='bbox 997 454 1061 499; x_wconf 83' lang='lat'>11.</span> 
     </span>
     <span class='ocr_line' id='line_1_2' title="bbox 317 590 1117 636; baseline -0.008 0"><span class='ocrx_word' id='word_1_7' title='bbox 317 590 389 636; x_wconf 68' lang='lat' dir='ltr'>De</span> <span class='ocrx_word' id='word_1_8' title='bbox 426 594 720 635; x_wconf 77' lang='lat' dir='ltr'>OEGONOMrA</span> <span class='ocrx_word' id='word_1_9' title='bbox 754 591 1084 634; x_wconf 67' lang='lat' dir='ltr'>IusecroRUM</span> <span class='ocrx_word' id='word_1_10' title='bbox 1105 620 1117 631; x_wconf 92' lang='lat'><strong><em>.</em></strong></span> 
     </span>
    </p>
   </div>
   <div class='ocr_carea' id='block_1_2' title="bbox 73 666 1374 2657">
    <p class='ocr_par' dir='ltr' id='par_1_2' title="bbox 74 666 1359 1041">
     <span class='ocr_line' id='line_1_3' title="bbox 84 666 1353 776; baseline -0.006 -5"><span class='ocrx_word' id='word_1_11' title='bbox 84 666 332 771; x_wconf 70' lang='lat' dir='ltr'>UMnia</span> <span class='ocrx_word' id='word_1_12' title='bbox 370 727 539 770; x_wconf 90' lang='lat' dir='ltr'>Insecta</span> <span class='ocrx_word' id='word_1_13' title='bbox 589 736 891 771; x_wconf 81' lang='lat' dir='ltr'>sustentantur</span> <span class='ocrx_word' id='word_1_14' title='bbox 931 755 946 776; x_wconf 88' lang='lat'>,</span> <span class='ocrx_word' id='word_1_15' title='bbox 981 731 1301 766; x_wconf 79' lang='lat' dir='ltr'>conservantur</span> <span class='ocrx_word' id='word_1_16' title='bbox 1337 752 1353 773; x_wconf 90' lang='lat'><strong><em>,</em></strong></span> 
     </span>
     <span class='ocr_line' id='line_1_4' title="bbox 74 786 1356 855; baseline -0.007 -16"><span class='ocrx_word' id='word_1_17' title='bbox 74 809 118 839; x_wconf 90' lang='lat' dir='ltr'>et</span> <span class='ocrx_word' id='word_1_18' title='bbox 154 791 501 855; x_wconf 80' lang='lat' dir='ltr'>multiplicantur</span> <span class='ocrx_word' id='word_1_19' title='bbox 541 809 554 845; x_wconf 79' lang='lat'>3</span> <span class='ocrx_word' id='word_1_20' title='bbox 601 791 737 853; x_wconf 91' lang='lat' dir='ltr'>idque</span> <span class='ocrx_word' id='word_1_21' title='bbox 787 805 961 837; x_wconf 78' lang='lat' dir='ltr'>summa</span> <span class='ocrx_word' id='word_1_22' title='bbox 998 786 1212 834; x_wconf 84' lang='lat' dir='ltr'>industria</span> <span class='ocrx_word' id='word_1_23' title='bbox 1237 817 1248 836; x_wconf 56' lang='lat'>2</span> <span class='ocrx_word' id='word_1_24' title='bbox 1285 802 1356 831; x_wconf 87' lang='lat' dir='ltr'>va-</span> 
     </span>
     <span class='ocr_line' id='line_1_5' title="bbox 75 854 1359 924; baseline -0.007 -18"><span class='ocrx_word' id='word_1_25' title='bbox 75 860 240 924; x_wconf 79' lang='lat' dir='ltr'>riisque</span> <span class='ocrx_word' id='word_1_26' title='bbox 287 859 564 905; x_wconf 82' lang='lat' dir='ltr'>adminiculis</span> <span class='ocrx_word' id='word_1_27' title='bbox 614 876 637 903; x_wconf 83' lang='lat' dir='ltr'>a</span> <span class='ocrx_word' id='word_1_28' title='bbox 680 862 852 906; x_wconf 82' lang='lat' dir='ltr'>Natura</span> <span class='ocrx_word' id='word_1_29' title='bbox 886 854 966 902; x_wconf 86' lang='lat' dir='ltr'>sibi</span> <span class='ocrx_word' id='word_1_30' title='bbox 1000 854 1234 917; x_wconf 84' lang='lat' dir='ltr'>impertitis</span> <span class='ocrx_word' id='word_1_31' title='bbox 1266 854 1359 915; x_wconf 83' lang='lat' dir='ltr'>ipsa</span> 
     </span>
     <span class='ocr_line' id='line_1_6' title="bbox 77 918 1355 990; baseline -0.005 -18"><span class='ocrx_word' id='word_1_32' title='bbox 77 941 371 990; x_wconf 80' lang='lat' dir='ltr'>exequuntur.</span> <span class='ocrx_word' id='word_1_33' title='bbox 410 926 544 972; x_wconf 88' lang='lat' dir='ltr'>Unde</span> <span class='ocrx_word' id='word_1_34' title='bbox 578 923 737 972; x_wconf 85' lang='lat' dir='ltr'>diversi</span> <span class='ocrx_word' id='word_1_35' title='bbox 771 923 927 978; x_wconf 87' lang='lat' dir='ltr'>modi,</span> <span class='ocrx_word' id='word_1_36' title='bbox 962 938 1079 988; x_wconf 89' lang='lat' dir='ltr'>quos</span> <span class='ocrx_word' id='word_1_37' title='bbox 1107 918 1355 971; x_wconf 55' lang='lat' dir='ltr'>adhibent,</span> 
     </span>
     <span class='ocr_line' id='line_1_7' title="bbox 77 993 935 1041; baseline 0 -1"><span class='ocrx_word' id='word_1_38' title='bbox 77 993 288 1040; x_wconf 85' lang='lat' dir='ltr'>dicuntur</span> <span class='ocrx_word' id='word_1_39' title='bbox 327 993 583 1040; x_wconf 78' lang='lat' dir='ltr'>oeconomia</span> <span class='ocrx_word' id='word_1_40' title='bbox 620 997 899 1041; x_wconf 88' lang='lat' dir='ltr'>Insectorum</span> <span class='ocrx_word' id='word_1_41' title='bbox 921 1027 935 1040; x_wconf 88' lang='lat'><strong>.</strong></span> 
     </span>
    </p>

    <p class='ocr_par' dir='ltr' id='par_1_3' title="bbox 73 1052 1364 1318">
     <span class='ocr_line' id='line_1_8' title="bbox 208 1052 1361 1120; baseline -0.005 -13"><span class='ocrx_word' id='word_1_42' title='bbox 208 1063 248 1113; x_wconf 83' lang='lat'>§.</span> <span class='ocrx_word' id='word_1_43' title='bbox 272 1076 314 1107; x_wconf 87' lang='lat'>1.</span> <span class='ocrx_word' id='word_1_44' title='bbox 346 1062 611 1107; x_wconf 85' lang='lat' dir='ltr'>Sustentatio</span> <span class='ocrx_word' id='word_1_45' title='bbox 643 1076 708 1108; x_wconf 87' lang='lat' dir='ltr'>est</span> <span class='ocrx_word' id='word_1_46' title='bbox 744 1059 907 1107; x_wconf 89' lang='lat' dir='ltr'>modus</span> <span class='ocrx_word' id='word_1_47' title='bbox 928 1095 942 1115; x_wconf 92' lang='lat'>,</span> <span class='ocrx_word' id='word_1_48' title='bbox 976 1075 1072 1120; x_wconf 90' lang='lat' dir='ltr'>quo</span> <span class='ocrx_word' id='word_1_49' title='bbox 1090 1060 1262 1104; x_wconf 81' lang='lat' dir='ltr'>Insecta</span> <span class='ocrx_word' id='word_1_50' title='bbox 1281 1052 1361 1101; x_wconf 88' lang='lat' dir='ltr'>ali-</span> 
     </span>
     <span class='ocr_line' id='line_1_9' title="bbox 73 1123 1362 1192; baseline -0.002 -18"><span class='ocrx_word' id='word_1_51' title='bbox 73 1143 277 1175; x_wconf 84' lang='lat' dir='ltr'>mentum</span> <span class='ocrx_word' id='word_1_52' title='bbox 329 1126 409 1173; x_wconf 83' lang='lat' dir='ltr'>sibi</span> <span class='ocrx_word' id='word_1_53' title='bbox 463 1129 695 1192; x_wconf 82' lang='lat' dir='ltr'>proprium</span> <span class='ocrx_word' id='word_1_54' title='bbox 743 1144 899 1190; x_wconf 85' lang='lat' dir='ltr'>parant</span> <span class='ocrx_word' id='word_1_55' title='bbox 952 1140 1044 1173; x_wconf 87' lang='lat' dir='ltr'>tam</span> <span class='ocrx_word' id='word_1_56' title='bbox 1098 1125 1145 1171; x_wconf 91' lang='lat' dir='ltr'>in</span> <span class='ocrx_word' id='word_1_57' title='bbox 1196 1123 1362 1172; x_wconf 59' lang='lat' dir='ltr'>larvaev</span> 
     </span>
     <span class='ocr_line' id='line_1_10' title="bbox 77 1191 1364 1259; baseline -0.005 -17"><span class='ocrx_word' id='word_1_58' title='bbox 77 1213 214 1258; x_wconf 85' lang='lat' dir='ltr'>quam</span> <span class='ocrx_word' id='word_1_59' title='bbox 250 1196 296 1242; x_wconf 92' lang='lat' dir='ltr'>in</span> <span class='ocrx_word' id='word_1_60' title='bbox 329 1196 533 1259; x_wconf 76' lang='lat' dir='ltr'>imaginis</span> <span class='ocrx_word' id='word_1_61' title='bbox 570 1209 686 1242; x_wconf 86' lang='lat' dir='ltr'>statu</span> <span class='ocrx_word' id='word_1_62' title='bbox 721 1230 735 1244; x_wconf 92' lang='lat'><strong>.</strong></span> <span class='ocrx_word' id='word_1_63' title='bbox 786 1197 895 1241; x_wconf 89' lang='lat' dir='ltr'>Haec</span> <span class='ocrx_word' id='word_1_64' title='bbox 931 1193 1132 1258; x_wconf 84' lang='lat' dir='ltr'>cognitio</span> <span class='ocrx_word' id='word_1_65' title='bbox 1168 1191 1364 1258; x_wconf 84' lang='lat' dir='ltr'>suppetit</span> 
     </span>
     <span class='ocr_line' id='line_1_11' title="bbox 77 1261 1008 1318; baseline 0 -10"><span class='ocrx_word' id='word_1_66' title='bbox 77 1262 256 1309; x_wconf 88' lang='lat' dir='ltr'>illorum</span> <span class='ocrx_word' id='word_1_67' title='bbox 293 1261 598 1309; x_wconf 84' lang='lat' dir='ltr'>educationem</span> <span class='ocrx_word' id='word_1_68' title='bbox 627 1296 637 1318; x_wconf 65' lang='lat' dir='ltr'>a</span> <span class='ocrx_word' id='word_1_69' title='bbox 673 1267 719 1310; x_wconf 85' lang='lat'>&amp;</span> <span class='ocrx_word' id='word_1_70' title='bbox 755 1262 975 1310; x_wconf 84' lang='lat' dir='ltr'>culturam</span> <span class='ocrx_word' id='word_1_71' title='bbox 997 1297 1008 1308; x_wconf 93' lang='lat'>.</span> 
     </span>
    </p>

    <p class='ocr_par' dir='ltr' id='par_1_4' title="bbox 78 1326 1365 1596">
     <span class='ocr_line' id='line_1_12' title="bbox 210 1326 1365 1395; baseline -0.003 -19"><span class='ocrx_word' id='word_1_72' title='bbox 210 1329 412 1377; x_wconf 81' lang='lat' dir='ltr'>Plurimae</span> <span class='ocrx_word' id='word_1_73' title='bbox 447 1331 574 1377; x_wconf 81' lang='lat' dir='ltr'>larvae</span> <span class='ocrx_word' id='word_1_74' title='bbox 609 1331 758 1395; x_wconf 72' lang='lat' dir='ltr'>rapina</span> <span class='ocrx_word' id='word_1_75' title='bbox 795 1330 1042 1378; x_wconf 86' lang='lat' dir='ltr'>viventium</span> <span class='ocrx_word' id='word_1_76' title='bbox 1076 1326 1158 1376; x_wconf 88' lang='lat' dir='ltr'>sibi</span> <span class='ocrx_word' id='word_1_77' title='bbox 1193 1327 1365 1374; x_wconf 85' lang='lat' dir='ltr'>victum</span> 
     </span>
     <span class='ocr_line' id='line_1_13' title="bbox 80 1393 1362 1463; baseline -0.004 -19"><span class='ocrx_word' id='word_1_78' title='bbox 80 1412 289 1463; x_wconf 78' lang='lat' dir='ltr'>quaerunt</span> <span class='ocrx_word' id='word_1_79' title='bbox 326 1434 337 1445; x_wconf 94' lang='lat'><strong><em>.</em></strong></span> <span class='ocrx_word' id='word_1_80' title='bbox 377 1397 483 1444; x_wconf 79' lang='lat' dir='ltr'>Aliae</span> <span class='ocrx_word' id='word_1_81' title='bbox 519 1398 797 1463; x_wconf 81' lang='lat' dir='ltr'>phytiphagae</span> <span class='ocrx_word' id='word_1_82' title='bbox 833 1413 938 1445; x_wconf 85' lang='lat' dir='ltr'>sunt</span> <span class='ocrx_word' id='word_1_83' title='bbox 969 1432 984 1454; x_wconf 90' lang='lat'>,</span> <span class='ocrx_word' id='word_1_84' title='bbox 1037 1400 1086 1442; x_wconf 70' lang='grc' dir='ltr'>δε</span> <span class='ocrx_word' id='word_1_85' title='bbox 1120 1396 1166 1442; x_wconf 89' lang='lat' dir='ltr'>in</span> <span class='ocrx_word' id='word_1_86' title='bbox 1203 1393 1362 1442; x_wconf 88' lang='lat' dir='ltr'>iisdem</span> 
     </span>
     <span class='ocr_line' id='line_1_14' title="bbox 78 1461 1365 1533; baseline -0.002 -21"><span class='ocrx_word' id='word_1_87' title='bbox 78 1482 248 1529; x_wconf 83' lang='lat' dir='ltr'>semper</span> <span class='ocrx_word' id='word_1_88' title='bbox 283 1465 478 1531; x_wconf 86' lang='lat' dir='ltr'>plantis,</span> <span class='ocrx_word' id='word_1_89' title='bbox 520 1465 680 1533; x_wconf 82' lang='lat' dir='ltr'>quibus</span> <span class='ocrx_word' id='word_1_90' title='bbox 716 1467 918 1515; x_wconf 81' lang='lat' dir='ltr'>victitant</span> <span class='ocrx_word' id='word_1_91' title='bbox 956 1501 971 1522; x_wconf 82' lang='lat'>‚</span> <span class='ocrx_word' id='word_1_92' title='bbox 1007 1463 1060 1510; x_wconf 84' lang='lat' dir='ltr'>ab</span> <span class='ocrx_word' id='word_1_93' title='bbox 1095 1481 1185 1511; x_wconf 80' lang='lat' dir='ltr'>ovo</span> <span class='ocrx_word' id='word_1_94' title='bbox 1220 1461 1365 1511; x_wconf 78' lang='lat' dir='ltr'>exclu-</span> 
     </span>
     <span class='ocr_line' id='line_1_15' title="bbox 80 1532 634 1596; baseline 0 -18"><span class='ocrx_word' id='word_1_95' title='bbox 80 1532 280 1583; x_wconf 80' lang='lat' dir='ltr'>duntur.</span> <span class='ocrx_word' id='word_1_96' title='bbox 631 1591 634 1596; x_wconf 19' lang='grc' dir='ltr'><em>Ι</em></span> 
     </span>
    </p>

    <p class='ocr_par' dir='ltr' id='par_1_5' title="bbox 80 1596 1367 1780">
     <span class='ocr_line' id='line_1_16' title="bbox 217 1596 1361 1666; baseline -0.003 -22"><span class='ocrx_word' id='word_1_97' title='bbox 217 1603 435 1664; x_wconf 82' lang='lat' dir='ltr'>Imagines</span> <span class='ocrx_word' id='word_1_98' title='bbox 470 1601 745 1666; x_wconf 86' lang='lat' dir='ltr'>quandoque</span> <span class='ocrx_word' id='word_1_99' title='bbox 779 1602 950 1649; x_wconf 85' lang='lat' dir='ltr'>victum</span> <span class='ocrx_word' id='word_1_100' title='bbox 994 1617 1019 1646; x_wconf 84' lang='lat' dir='ltr'>a</span> <span class='ocrx_word' id='word_1_101' title='bbox 1052 1598 1183 1646; x_wconf 77' lang='lat' dir='ltr'>larvis</span> <span class='ocrx_word' id='word_1_102' title='bbox 1218 1596 1361 1643; x_wconf 81' lang='lat' dir='ltr'>diver-</span> 
     </span>
     <span class='ocr_line' id='line_1_17' title="bbox 80 1667 1367 1735; baseline -0.002 -23"><span class='ocrx_word' id='word_1_103' title='bbox 80 1683 181 1713; x_wconf 84' lang='lat' dir='ltr'>sum</span> <span class='ocrx_word' id='word_1_104' title='bbox 235 1683 439 1732; x_wconf 81' lang='lat' dir='ltr'>quaetunt</span> <span class='ocrx_word' id='word_1_105' title='bbox 480 1704 496 1726; x_wconf 80' lang='grc'>,</span> <span class='ocrx_word' id='word_1_106' title='bbox 533 1671 795 1735; x_wconf 78' lang='lat' dir='ltr'>variumque</span> <span class='ocrx_word' id='word_1_107' title='bbox 830 1687 915 1735; x_wconf 88' lang='lat' dir='ltr'>pro</span> <span class='ocrx_word' id='word_1_108' title='bbox 951 1667 1069 1716; x_wconf 78' lang='lat' dir='ltr'>varia</span> <span class='ocrx_word' id='word_1_109' title='bbox 1101 1681 1253 1712; x_wconf 87' lang='lat' dir='ltr'>earum</span> <span class='ocrx_word' id='word_1_110' title='bbox 1287 1681 1367 1710; x_wconf 79' lang='lat' dir='ltr'>na-</span> 
     </span>
     <span class='ocr_line' id='line_1_18' title="bbox 89 1747 214 1780; baseline 0.016 -2"><span class='ocrx_word' id='word_1_111' title='bbox 89 1747 214 1780; x_wconf 84' lang='lat' dir='ltr'>tura.</span> 
     </span>
    </p>

    <p class='ocr_par' dir='ltr' id='par_1_6' title="bbox 86 1796 1364 2068">
     <span class='ocr_line' id='line_1_19' title="bbox 224 1796 1362 1866; baseline -0.003 -18"><span class='ocrx_word' id='word_1_112' title='bbox 224 1805 311 1854; x_wconf 83' lang='lat'>§.2.</span> <span class='ocrx_word' id='word_1_113' title='bbox 349 1803 643 1851; x_wconf 84' lang='lat' dir='ltr'>Conservatio</span> <span class='ocrx_word' id='word_1_114' title='bbox 676 1800 991 1866; x_wconf 83' lang='lat' dir='ltr'>complectitur</span> <span class='ocrx_word' id='word_1_115' title='bbox 1010 1800 1154 1847; x_wconf 86' lang='lat' dir='ltr'>varios</span> <span class='ocrx_word' id='word_1_116' title='bbox 1175 1796 1362 1853; x_wconf 87' lang='lat' dir='ltr'>modos,</span> 
     </span>
     <span class='ocr_line' id='line_1_20' title="bbox 91 1864 1361 1930; baseline 0 -17"><span class='ocrx_word' id='word_1_117' title='bbox 91 1865 253 1930; x_wconf 87' lang='lat' dir='ltr'>quibus</span> <span class='ocrx_word' id='word_1_118' title='bbox 291 1873 457 1915; x_wconf 78' lang='lat' dir='ltr'>Insecta</span> <span class='ocrx_word' id='word_1_119' title='bbox 479 1869 532 1915; x_wconf 85' lang='lat' dir='ltr'>ab</span> <span class='ocrx_word' id='word_1_120' title='bbox 566 1868 765 1916; x_wconf 87' lang='lat' dir='ltr'>hostibus</span> <span class='ocrx_word' id='word_1_121' title='bbox 802 1885 845 1914; x_wconf 88' lang='lat' dir='ltr'>se</span> <span class='ocrx_word' id='word_1_122' title='bbox 864 1883 1041 1914; x_wconf 80' lang='lat' dir='ltr'>tuentur</span> <span class='ocrx_word' id='word_1_123' title='bbox 1063 1904 1074 1915; x_wconf 92' lang='lat'>.</span> <span class='ocrx_word' id='word_1_124' title='bbox 1097 1868 1244 1911; x_wconf 86' lang='lat' dir='ltr'>Larvae</span> <span class='ocrx_word' id='word_1_125' title='bbox 1281 1864 1361 1914; x_wconf 86' lang='lat' dir='ltr'>ho-</span> 
     </span>
     <span class='ocr_line' id='line_1_21' title="bbox 91 1932 1364 2000; baseline 0.002 -21"><span class='ocrx_word' id='word_1_126' title='bbox 91 1950 177 1979; x_wconf 84' lang='lat' dir='ltr'>stes</span> <span class='ocrx_word' id='word_1_127' title='bbox 212 1935 620 1999; x_wconf 11' lang='lat' dir='ltr'>saepiussseludendo</span> <span class='ocrx_word' id='word_1_128' title='bbox 657 1971 669 1984; x_wconf 89' lang='lat'>.</span> <span class='ocrx_word' id='word_1_129' title='bbox 714 1939 843 2000; x_wconf 81' lang='lat' dir='ltr'>Pupae</span> <span class='ocrx_word' id='word_1_130' title='bbox 897 1952 985 1982; x_wconf 84' lang='lat' dir='ltr'>sese</span> <span class='ocrx_word' id='word_1_131' title='bbox 1019 1932 1332 1982; x_wconf 85' lang='lat' dir='ltr'>abscondendo</span> <span class='ocrx_word' id='word_1_132' title='bbox 1353 1969 1364 1982; x_wconf 87' lang='lat'><strong><em>.</em></strong></span> 
     </span>
     <span class='ocr_line' id='line_1_22' title="bbox 86 2001 1114 2068; baseline 0.001 -21"><span class='ocrx_word' id='word_1_133' title='bbox 86 2003 302 2066; x_wconf 74' lang='lat' dir='ltr'>Imagines</span> <span class='ocrx_word' id='word_1_134' title='bbox 340 2001 442 2068; x_wconf 82' lang='lat' dir='ltr'>fuga</span> <span class='ocrx_word' id='word_1_135' title='bbox 478 2018 522 2049; x_wconf 92' lang='lat' dir='ltr'>et</span> <span class='ocrx_word' id='word_1_136' title='bbox 556 2002 709 2050; x_wconf 87' lang='lat' dir='ltr'>volatu</span> <span class='ocrx_word' id='word_1_137' title='bbox 746 2020 788 2050; x_wconf 89' lang='lat' dir='ltr'>se</span> <span class='ocrx_word' id='word_1_138' title='bbox 822 2002 1081 2063; x_wconf 81' lang='lat' dir='ltr'>abripiendo</span> <span class='ocrx_word' id='word_1_139' title='bbox 1104 2036 1114 2048; x_wconf 94' lang='lat'>.</span> 
     </span>
    </p>

    <p class='ocr_par' dir='ltr' id='par_1_7' title="bbox 84 2066 1366 2191">
     <span class='ocr_line' id='line_1_23' title="bbox 217 2066 1366 2133; baseline -0.003 -16"><span class='ocrx_word' id='word_1_140' title='bbox 217 2070 510 2117; x_wconf 80' lang='lat' dir='ltr'>Conservatio</span> <span class='ocrx_word' id='word_1_141' title='bbox 545 2071 702 2132; x_wconf 88' lang='lat' dir='ltr'>speciei</span> <span class='ocrx_word' id='word_1_142' title='bbox 738 2087 813 2131; x_wconf 89' lang='lat' dir='ltr'>per</span> <span class='ocrx_word' id='word_1_143' title='bbox 841 2068 1259 2133; x_wconf 86' lang='lat' dir='ltr'>multiplicationem</span> <span class='ocrx_word' id='word_1_144' title='bbox 1283 2066 1366 2114; x_wconf 47' lang='lat' dir='ltr'>ob,</span> 
     </span>
     <span class='ocr_line' id='line_1_24' title="bbox 84 2134 1196 2191; baseline 0.001 -10"><span class='ocrx_word' id='word_1_145' title='bbox 84 2136 247 2182; x_wconf 84' lang='lat' dir='ltr'>tinetur</span> <span class='ocrx_word' id='word_1_146' title='bbox 287 2173 301 2191; x_wconf 94' lang='lat'>‚</span> <span class='ocrx_word' id='word_1_147' title='bbox 336 2153 379 2184; x_wconf 89' lang='lat' dir='ltr'>et</span> <span class='ocrx_word' id='word_1_148' title='bbox 417 2134 601 2185; x_wconf 86' lang='lat' dir='ltr'>ultimus</span> <span class='ocrx_word' id='word_1_149' title='bbox 639 2138 821 2184; x_wconf 81' lang='lat' dir='ltr'>Naturae</span> <span class='ocrx_word' id='word_1_150' title='bbox 859 2134 956 2184; x_wconf 86' lang='lat' dir='ltr'>finis</span> <span class='ocrx_word' id='word_1_151' title='bbox 991 2135 1196 2184; x_wconf 85' lang='lat' dir='ltr'>videtur.</span> 
     </span>
    </p>

    <p class='ocr_par' dir='ltr' id='par_1_8' title="bbox 85 2202 1369 2472">
     <span class='ocr_line' id='line_1_25' title="bbox 222 2202 1369 2269; baseline -0.003 -17"><span class='ocrx_word' id='word_1_152' title='bbox 222 2203 260 2254; x_wconf 83' lang='lat'>§.</span> <span class='ocrx_word' id='word_1_153' title='bbox 303 2221 343 2262; x_wconf 80' lang='lat'>3.</span> <span class='ocrx_word' id='word_1_154' title='bbox 383 2203 701 2269; x_wconf 83' lang='lat' dir='ltr'>Multiplicatio</span> <span class='ocrx_word' id='word_1_155' title='bbox 739 2207 1017 2266; x_wconf 81' lang='lat' dir='ltr'>Insectotum</span> <span class='ocrx_word' id='word_1_156' title='bbox 1039 2205 1168 2251; x_wconf 85' lang='lat' dir='ltr'>unice</span> <span class='ocrx_word' id='word_1_157' title='bbox 1186 2202 1240 2250; x_wconf 86' lang='lat' dir='ltr'>ad</span> <span class='ocrx_word' id='word_1_158' title='bbox 1262 2219 1369 2266; x_wconf 86' lang='lat' dir='ltr'>pro-</span> 
     </span>
     <span class='ocr_line' id='line_1_26' title="bbox 85 2269 1366 2335; baseline 0.002 -20"><span class='ocrx_word' id='word_1_159' title='bbox 85 2269 329 2335; x_wconf 81' lang='lat' dir='ltr'>pagandam</span> <span class='ocrx_word' id='word_1_160' title='bbox 368 2273 556 2333; x_wconf 83' lang='lat' dir='ltr'>speciem</span> <span class='ocrx_word' id='word_1_161' title='bbox 592 2271 804 2317; x_wconf 74' lang='lat' dir='ltr'>destinata</span> <span class='ocrx_word' id='word_1_162' title='bbox 840 2287 904 2318; x_wconf 87' lang='lat' dir='ltr'>est</span> <span class='ocrx_word' id='word_1_163' title='bbox 947 2307 956 2318; x_wconf 90' lang='lat'>.</span> <span class='ocrx_word' id='word_1_164' title='bbox 995 2273 1117 2318; x_wconf 86' lang='lat' dir='ltr'>Hinc</span> <span class='ocrx_word' id='word_1_165' title='bbox 1151 2270 1366 2318; x_wconf 82' lang='lat' dir='ltr'>industria</span> 
     </span>
     <span class='ocr_line' id='line_1_27' title="bbox 85 2335 1364 2404; baseline 0.004 -23"><span class='ocrx_word' id='word_1_166' title='bbox 85 2337 132 2381; x_wconf 87' lang='lat' dir='ltr'>in</span> <span class='ocrx_word' id='word_1_167' title='bbox 169 2335 328 2400; x_wconf 82' lang='lat' dir='ltr'>copula</span> <span class='ocrx_word' id='word_1_168' title='bbox 349 2371 360 2388; x_wconf 95' lang='lat'>‚</span> <span class='ocrx_word' id='word_1_169' title='bbox 399 2339 444 2383; x_wconf 86' lang='lat' dir='ltr'>in</span> <span class='ocrx_word' id='word_1_170' title='bbox 482 2338 754 2401; x_wconf 84' lang='lat' dir='ltr'>deponendis</span> <span class='ocrx_word' id='word_1_171' title='bbox 789 2342 885 2385; x_wconf 87' lang='lat' dir='ltr'>ovis</span> <span class='ocrx_word' id='word_1_172' title='bbox 910 2375 924 2395; x_wconf 87' lang='lat'>,</span> <span class='ocrx_word' id='word_1_173' title='bbox 958 2355 1001 2386; x_wconf 88' lang='lat' dir='ltr'>et</span> <span class='ocrx_word' id='word_1_174' title='bbox 1039 2340 1084 2385; x_wconf 84' lang='lat' dir='ltr'>in</span> <span class='ocrx_word' id='word_1_175' title='bbox 1105 2337 1241 2404; x_wconf 82' lang='lat' dir='ltr'>proliS</span> <span class='ocrx_word' id='word_1_176' title='bbox 1259 2338 1364 2386; x_wconf 86' lang='lat' dir='ltr'>edu·</span> 
     </span>
     <span class='ocr_line' id='line_1_28' title="bbox 90 2405 945 2472; baseline 0.006 -22"><span class='ocrx_word' id='word_1_177' title='bbox 90 2405 268 2450; x_wconf 80' lang='lat' dir='ltr'>catione</span> <span class='ocrx_word' id='word_1_178' title='bbox 305 2405 351 2450; x_wconf 88' lang='lat' dir='ltr'>in</span> <span class='ocrx_word' id='word_1_179' title='bbox 385 2420 497 2450; x_wconf 66' lang='lat' dir='ltr'>statu</span> <span class='ocrx_word' id='word_1_180' title='bbox 534 2405 661 2451; x_wconf 84' lang='lat' dir='ltr'>larvae</span> <span class='ocrx_word' id='word_1_181' title='bbox 698 2409 745 2451; x_wconf 89' lang='lat'>&amp;</span> <span class='ocrx_word' id='word_1_182' title='bbox 783 2424 909 2472; x_wconf 79' lang='lat' dir='ltr'>pupae</span> <span class='ocrx_word' id='word_1_183' title='bbox 933 2442 945 2455; x_wconf 88' lang='lat'>.</span> 
     </span>
    </p>

    <p class='ocr_par' dir='ltr' id='par_1_9' title="bbox 95 2471 1368 2605">
     <span class='ocr_line' id='line_1_29' title="bbox 227 2471 1368 2538; baseline 0.001 -19"><span class='ocrx_word' id='word_1_184' title='bbox 227 2471 417 2535; x_wconf 61' lang='lat' dir='ltr'>Copula*</span> <span class='ocrx_word' id='word_1_185' title='bbox 447 2477 725 2519; x_wconf 85' lang='lat' dir='ltr'>Insectorum</span> <span class='ocrx_word' id='word_1_186' title='bbox 779 2490 860 2535; x_wconf 87' lang='lat' dir='ltr'>pro</span> <span class='ocrx_word' id='word_1_187' title='bbox 913 2473 1122 2538; x_wconf 80' lang='lat' dir='ltr'>singulari</span> <span class='ocrx_word' id='word_1_188' title='bbox 1172 2489 1368 2529; x_wconf 78' lang='lat' dir='ltr'>natura,</span> 
     </span>
     <span class='ocr_line' id='line_1_30' title="bbox 95 2538 1009 2605; baseline 0.002 -19"><span class='ocrx_word' id='word_1_189' title='bbox 95 2538 272 2604; x_wconf 84' lang='lat' dir='ltr'>situque</span> <span class='ocrx_word' id='word_1_190' title='bbox 303 2541 500 2605; x_wconf 83' lang='lat' dir='ltr'>partium</span> <span class='ocrx_word' id='word_1_191' title='bbox 536 2538 795 2605; x_wconf 85' lang='lat' dir='ltr'>genitalium</span> <span class='ocrx_word' id='word_1_192' title='bbox 833 2539 1009 2588; x_wconf 79' lang='lat' dir='ltr'>diffett.</span> 
     </span>
    </p>

    <p class='ocr_par' dir='ltr' id='par_1_10' title="bbox 789 2608 1374 2657">
     <span class='ocr_line' id='line_1_31' title="bbox 789 2608 1374 2657; baseline 0 -2"><span class='ocrx_word' id='word_1_193' title='bbox 789 2610 834 2655; x_wconf 93' lang='lat' dir='ltr'>D</span> <span class='ocrx_word' id='word_1_194' title='bbox 902 2625 928 2656; x_wconf 81' lang='lat'>2</span> <span class='ocrx_word' id='word_1_195' title='bbox 1277 2608 1374 2657; x_wconf 83' lang='lat' dir='ltr'>Ple-</span> 
     </span>
    </p>
   </div>
  </div>
 </body>
</html>
