1813 2974
357 291 415 334 30
485 273 564 318 DE
600 266 1021 316 INSECTORUM
1060 272 1486 326 METAMORPH.

475 351 822 415 Semicornpletae
875 355 1244 419 metamorphosis
1305 363 1455 406 Larva
1509 370 1619 408 com

343 438 428 473 stat
463 424 600 487 capite
624 455 642 478 ‚
694 420 872 472 thorace
911 456 927 477 ,
980 421 1250 481 abdomine,
1302 426 1439 472 cauda
1476 457 1489 480 ‚
1547 447 1621 492 pe-

350 492 507 541 dibus·

787 557 966 626 Capite:
1003 575 1110 609 ote,
1143 562 1343 607 antennis
1365 596 1378 615 ,
1415 560 1584 623 forcipe
1609 599 1625 619 ,

851 642 894 673 et
932 625 1071 674 oculis
1105 624 1280 674 duobus
1314 642 1474 674 ornato
1496 661 1509 676 .

784 692 974 740 Thorace
1008 696 1120 741 inter
1158 711 1289 754 caput
1323 710 1366 740 et
1390 693 1630 745 abdomen,

782 758 1026 811 Abdomine
1063 761 1272 809 annulato
1310 798 1324 818 ,
1379 763 1629 824 spiraculis-

857 845 947 891 que
982 843 1161 893 pertuso
1188 866 1199 879 .

793 897 944 944 Gauda
978 895 1204 944 abdomen·
1235 897 1497 942 terminante
1524 934 1532 944 .

790 962 976 1010 Pedibus
1010 964 1219 1013 omnibus
1253 980 1324 1010 sex
1368 963 1537 1010 thoraci
1559 965 1642 1013 ad-

867 1029 960 1076 fixis
983 1065 994 1078 .

588 1100 745 1165 Papa.
784 1096 923 1161 Agilis
963 1131 976 1151 ‚
1009 1115 1189 1146 currens
1212 1130 1224 1152 ‚
1257 1112 1421 1146 statura
1456 1112 1499 1144 et
1538 1116 1643 1162 par-

859 1164 980 1210 tibus
1013 1164 1140 1212 larvae
1164 1201 1179 1221 ,
1214 1166 1410 1230 adquirit
1446 1172 1646 1213 tantum-

861 1231 1001 1278 modo
1048 1233 1214 1280 alarum
1250 1233 1503 1280 rudimenta
1550 1251 1647 1280 cor-

858 1315 967 1362 pote
1001 1298 1204 1347 breviora
1225 1332 1237 1353 ‚
1275 1301 1445 1348 thoraci
1481 1299 1648 1348 adfixa.

494 1363 780 1430 Incompletae
848 1369 1218 1429 metamorphosis
1273 1373 1426 1415 Larva
1474 1383 1647 1414 constat

364 1436 503 1502 capite
530 1471 547 1493 ,
583 1450 772 1498 corpote
806 1432 970 1496 absque
1009 1433 1220 1490 thorace,
1258 1434 1458 1496 pedibus,
1495 1434 1647 1481 cauda.

422 1530 427 1538 ·
806 1502 982 1567 Capite:
1040 1519 1117 1548 ore
1155 1537 1170 1556 ,
1224 1505 1424 1548 antennis
1448 1537 1462 1556 ‚
1517 1499 1644 1547 fron-

875 1584 916 1614 te
936 1605 951 1624 ,
985 1568 1126 1616 oculis
1160 1568 1345 1634 praedito
1367 1606 1378 1617 .

809 1640 984 1704 Corpore
1005 1635 1216 1684 annulato
1238 1668 1250 1688 ‚
1266 1633 1490 1700 spiraculis
1509 1635 1648 1681 utrin-

871 1721 959 1762 que
1014 1720 1182 1750 novem
1236 1704 1291 1750 ad
1326 1703 1455 1749 latera
1490 1703 1649 1748 distin-

877 1772 959 1817 ctis
981 1805 994 1824 ,
1030 1770 1291 1835 plerumque
1325 1769 1532 1816 coloratis
1555 1804 1567 1815 .

808 1836 994 1886 Pedibus
1028 1855 1097 1884 sex
1118 1874 1131 1892 ,
1167 1838 1417 1885 octodecim
1436 1873 1448 1891 ,
1477 1833 1652 1883 duobus

877 1922 929 1951 ac
950 1907 1127 1970 viginti,
1147 1921 1189 1950 et
1207 1903 1473 1968 quibusdam
1509 1902 1655 1949 nullis.

867 1970 963 2019 Ubi
1005 1972 1149 2037 plures
1170 1990 1240 2020 sex
1262 2005 1273 2020 ,
1293 1973 1530 2018 anteriores
1565 1971 1653 2014 Sive

874 2038 1117 2105 pectorales
1152 2055 1324 2086 tantum
1362 2039 1452 2083 veri
1489 2029 1616 2100 pedes
1638 2066 1651 2085 η

881 2105 1042 2169 reliqui
1075 2123 1230 2153 omnes
1265 2106 1435 2170 spuriI,
1477 2119 1520 2151 et
1555 2120 1632 2152 mu

841 2194 845 2200 ·
876 2187 968 2221 tici.

814 2241 963 2289 Cauda
995 2239 1214 2287 abdomen
1251 2242 1543 2292 terminante.

619 2315 767 2379 Pupam
806 2309 1049 2368 Quiescens
1084 2310 1130 2354 in
1168 2309 1350 2371 proprio
1384 2308 1657 2357 incunabulo

880 2376 1082 2423 continet
1134 2374 1376 2439 perfectum
1412 2377 1655 2424 animalcu-

878 2443 974 2490 lum
1010 2478 1022 2496 ‚
1076 2444 1258 2508 imagini
1309 2460 1484 2506 excepta
1519 2444 1657 2490 cauda

879 2508 1182 2559 simillimum.
1219 2509 1312 2559 Alae
1346 2511 1619 2577 complicatae
1642 2546 1656 2564 ,

1573 2575 1656 2625 sub
