<?xml version="1.0" encoding="UTF-8"?>
<!DOCTYPE html PUBLIC "-//W3C//DTD XHTML 1.0 Transitional//EN"
    "http://www.w3.org/TR/xhtml1/DTD/xhtml1-transitional.dtd">
<html xmlns="http://www.w3.org/1999/xhtml" xml:lang="en" lang="en">
 <head>
  <title>
</title>
<meta http-equiv="Content-Type" content="text/html;charset=utf-8" />
  <meta name='ocr-system' content='tesseract 3.04.00' />
  <meta name='ocr-capabilities' content='ocr_page ocr_carea ocr_par ocr_line ocrx_word'/>
</head>
<body>
  <div class='ocr_page' id='page_1' title='image "./vincentiipetagn00peta_0057.png"; bbox 0 0 1813 2974; ppageno 0'>
   <div class='ocr_carea' id='block_1_1' title="bbox 3 325 34 368">
    <p class='ocr_par' dir='ltr' id='par_1_1' title="bbox 3 325 34 368">
     <span class='ocr_line' id='line_1_1' title="bbox 3 325 34 368; baseline 0 0"><span class='ocrx_word' id='word_1_1' title='bbox 3 325 34 368; x_wconf 48' lang='lat' dir='ltr'>a?</span> 
     </span>
    </p>
   </div>
   <div class='ocr_carea' id='block_1_2' title="bbox 123 307 1440 2594">
    <p class='ocr_par' dir='ltr' id='par_1_2' title="bbox 136 307 1426 382">
     <span class='ocr_line' id='line_1_2' title="bbox 136 307 1426 382; baseline -0.008 -18"><span class='ocrx_word' id='word_1_2' title='bbox 136 310 448 382; x_wconf 77' lang='lat' dir='ltr'>proprietatem</span> <span class='ocrx_word' id='word_1_3' title='bbox 485 315 742 363; x_wconf 79' lang='lat' dir='ltr'>characteris</span> <span class='ocrx_word' id='word_1_4' title='bbox 777 313 1011 361; x_wconf 83' lang='lat' dir='ltr'>essentialis</span> <span class='ocrx_word' id='word_1_5' title='bbox 1049 311 1199 360; x_wconf 84' lang='lat' dir='ltr'>statim</span> <span class='ocrx_word' id='word_1_6' title='bbox 1232 307 1426 357; x_wconf 59' lang='lat' dir='ltr'>amittite</span> 
     </span>
    </p>

    <p class='ocr_par' dir='ltr' id='par_1_3' title="bbox 123 375 1432 768">
     <span class='ocr_line' id='line_1_3' title="bbox 269 375 1418 433; baseline -0.008 0"><span class='ocrx_word' id='word_1_7' title='bbox 269 383 503 433; x_wconf 87' lang='lat' dir='ltr'>Character</span> <span class='ocrx_word' id='word_1_8' title='bbox 540 381 731 430; x_wconf 82' lang='lat' dir='ltr'>factitius</span> <span class='ocrx_word' id='word_1_9' title='bbox 766 386 915 428; x_wconf 85' lang='lat' dir='ltr'>Genus</span> <span class='ocrx_word' id='word_1_10' title='bbox 949 379 1003 426; x_wconf 83' lang='lat' dir='ltr'>ab</span> <span class='ocrx_word' id='word_1_11' title='bbox 1038 380 1131 426; x_wconf 84' lang='lat' dir='ltr'>aliis</span> <span class='ocrx_word' id='word_1_12' title='bbox 1167 375 1418 425; x_wconf 70' lang='lat' dir='ltr'>Gener-ibus</span> 
     </span>
     <span class='ocr_line' id='line_1_4' title="bbox 123 442 1419 512; baseline -0.006 -14"><span class='ocrx_word' id='word_1_13' title='bbox 123 451 330 512; x_wconf 61' lang='lat' dir='ltr'>‘ejusdem</span> <span class='ocrx_word' id='word_1_14' title='bbox 348 451 518 499; x_wconf 85' lang='lat' dir='ltr'>ordinis</span> <span class='ocrx_word' id='word_1_15' title='bbox 537 447 768 498; x_wconf 82' lang='lat' dir='ltr'>artificialis</span> <span class='ocrx_word' id='word_1_16' title='bbox 798 447 1049 512; x_wconf 80' lang='lat' dir='ltr'>distinguit,</span> <span class='ocrx_word' id='word_1_17' title='bbox 1068 444 1259 510; x_wconf 86' lang='lat' dir='ltr'>ideoque</span> <span class='ocrx_word' id='word_1_18' title='bbox 1274 445 1320 492; x_wconf 88' lang='lat' dir='ltr'>in</span> <span class='ocrx_word' id='word_1_19' title='bbox 1339 442 1419 491; x_wconf 81' lang='lat' dir='ltr'>de-</span> 
     </span>
     <span class='ocr_line' id='line_1_5' title="bbox 146 510 1425 575; baseline -0.005 -11"><span class='ocrx_word' id='word_1_20' title='bbox 146 511 316 565; x_wconf 82' lang='lat' dir='ltr'>fecturn</span> <span class='ocrx_word' id='word_1_21' title='bbox 353 519 588 566; x_wconf 83' lang='lat' dir='ltr'>essentialis</span> <span class='ocrx_word' id='word_1_22' title='bbox 623 517 882 564; x_wconf 79' lang='lat' dir='ltr'>characteris</span> <span class='ocrx_word' id='word_1_23' title='bbox 915 511 1110 561; x_wconf 86' lang='lat' dir='ltr'>adhiberi</span> <span class='ocrx_word' id='word_1_24' title='bbox 1146 527 1322 575; x_wconf 78' lang='lat' dir='ltr'>potest3</span> <span class='ocrx_word' id='word_1_25' title='bbox 1359 510 1425 558; x_wconf 92' lang='lat' dir='ltr'>lo-</span> 
     </span>
     <span class='ocr_line' id='line_1_6' title="bbox 144 581 1432 648; baseline -0.006 -15"><span class='ocrx_word' id='word_1_26' title='bbox 144 602 341 648; x_wconf 85' lang='lat' dir='ltr'>cumque</span> <span class='ocrx_word' id='word_1_27' title='bbox 375 582 504 634; x_wconf 83' lang='lat' dir='ltr'>habet</span> <span class='ocrx_word' id='word_1_28' title='bbox 556 581 878 633; x_wconf 83' lang='lat' dir='ltr'>tantummodo</span> <span class='ocrx_word' id='word_1_29' title='bbox 928 582 975 629; x_wconf 91' lang='lat' dir='ltr'>in</span> <span class='ocrx_word' id='word_1_30' title='bbox 1011 581 1239 644; x_wconf 84' lang='lat' dir='ltr'>designato</span> <span class='ocrx_word' id='word_1_31' title='bbox 1292 594 1432 642; x_wconf 85' lang='lat' dir='ltr'>syste-</span> 
     </span>
     <span class='ocr_line' id='line_1_7' title="bbox 145 648 1432 717; baseline -0.003 -19"><span class='ocrx_word' id='word_1_32' title='bbox 145 650 264 699; x_wconf 72' lang='lat' dir='ltr'>mate</span> <span class='ocrx_word' id='word_1_33' title='bbox 310 653 559 704; x_wconf 70' lang='lat' dir='ltr'>artificiali,</span> <span class='ocrx_word' id='word_1_34' title='bbox 623 668 717 717; x_wconf 90' lang='lat' dir='ltr'>quo</span> <span class='ocrx_word' id='word_1_35' title='bbox 768 649 942 698; x_wconf 83' lang='lat' dir='ltr'>exoleto</span> <span class='ocrx_word' id='word_1_36' title='bbox 995 648 1213 696; x_wconf 84' lang='lat' dir='ltr'>evanescit</span> <span class='ocrx_word' id='word_1_37' title='bbox 1270 649 1432 711; x_wconf 84' lang='lat' dir='ltr'>paritet</span> 
     </span>
     <span class='ocr_line' id='line_1_8' title="bbox 145 719 629 768; baseline 0.002 -2"><span class='ocrx_word' id='word_1_38' title='bbox 145 721 369 766; x_wconf 82' lang='lat' dir='ltr'>character</span> <span class='ocrx_word' id='word_1_39' title='bbox 406 719 596 768; x_wconf 88' lang='lat' dir='ltr'>factitius</span> <span class='ocrx_word' id='word_1_40' title='bbox 616 755 629 767; x_wconf 86' lang='lat'><strong>.</strong></span> 
     </span>
    </p>

    <p class='ocr_par' dir='ltr' id='par_1_4' title="bbox 145 778 1433 1188">
     <span class='ocr_line' id='line_1_9' title="bbox 283 778 1432 846; baseline -0.007 -11"><span class='ocrx_word' id='word_1_41' title='bbox 283 785 524 835; x_wconf 85' lang='lat' dir='ltr'>Character</span> <span class='ocrx_word' id='word_1_42' title='bbox 574 785 784 835; x_wconf 82' lang='lat' dir='ltr'>naturalis</span> <span class='ocrx_word' id='word_1_43' title='bbox 833 798 961 832; x_wconf 82' lang='lat' dir='ltr'>not-as</span> <span class='ocrx_word' id='word_1_44' title='bbox 1009 799 1166 831; x_wconf 83' lang='lat' dir='ltr'>omnes</span> <span class='ocrx_word' id='word_1_45' title='bbox 1203 778 1432 846; x_wconf 84' lang='lat' dir='ltr'>possibiles</span> 
     </span>
     <span class='ocr_line' id='line_1_10' title="bbox 148 848 1433 918; baseline -0.006 -17"><span class='ocrx_word' id='word_1_46' title='bbox 148 851 318 918; x_wconf 84' lang='lat' dir='ltr'>colligit</span> <span class='ocrx_word' id='word_1_47' title='bbox 353 889 368 908; x_wconf 91' lang='lat'>‚</span> <span class='ocrx_word' id='word_1_48' title='bbox 417 854 694 918; x_wconf 76' lang='lat' dir='ltr'>includitque</span> <span class='ocrx_word' id='word_1_49' title='bbox 738 854 1033 900; x_wconf 82' lang='lat' dir='ltr'>characterem</span> <span class='ocrx_word' id='word_1_50' title='bbox 1084 848 1353 899; x_wconf 84' lang='lat' dir='ltr'>essentialem</span> <span class='ocrx_word' id='word_1_51' title='bbox 1389 861 1433 893; x_wconf 92' lang='lat' dir='ltr'>et</span> 
     </span>
     <span class='ocr_line' id='line_1_11' title="bbox 147 917 1433 982; baseline -0.005 -14"><span class='ocrx_word' id='word_1_52' title='bbox 147 920 366 968; x_wconf 79' lang='lat' dir='ltr'>factitium</span> <span class='ocrx_word' id='word_1_53' title='bbox 403 957 414 970; x_wconf 88' lang='lat'>.</span> <span class='ocrx_word' id='word_1_54' title='bbox 467 924 557 969; x_wconf 86' lang='lat' dir='ltr'>Hic</span> <span class='ocrx_word' id='word_1_55' title='bbox 606 922 698 968; x_wconf 88' lang='lat' dir='ltr'>aliis</span> <span class='ocrx_word' id='word_1_56' title='bbox 731 919 1068 982; x_wconf 85' lang='lat' dir='ltr'>anteponendus</span> <span class='ocrx_word' id='word_1_57' title='bbox 1087 954 1107 974; x_wconf 82' lang='lat'>„</span> <span class='ocrx_word' id='word_1_58' title='bbox 1138 919 1243 980; x_wconf 86' lang='lat' dir='ltr'>quia</span> <span class='ocrx_word' id='word_1_59' title='bbox 1276 917 1322 963; x_wconf 88' lang='lat' dir='ltr'>in</span> <span class='ocrx_word' id='word_1_60' title='bbox 1358 931 1433 976; x_wconf 88' lang='lat' dir='ltr'>sy-</span> 
     </span>
     <span class='ocr_line' id='line_1_12' title="bbox 148 981 1426 1053; baseline -0.005 -17"><span class='ocrx_word' id='word_1_61' title='bbox 148 1001 331 1034; x_wconf 78' lang='lat' dir='ltr'>stemate</span> <span class='ocrx_word' id='word_1_62' title='bbox 366 988 584 1044; x_wconf 84' lang='lat' dir='ltr'>naturali,</span> <span class='ocrx_word' id='word_1_63' title='bbox 606 1003 651 1035; x_wconf 85' lang='lat' dir='ltr'>et</span> <span class='ocrx_word' id='word_1_64' title='bbox 685 990 730 1034; x_wconf 86' lang='lat' dir='ltr'>in</span> <span class='ocrx_word' id='word_1_65' title='bbox 767 981 1059 1053; x_wconf 70' lang='lat' dir='ltr'>quocumque</span> <span class='ocrx_word' id='word_1_66' title='bbox 1078 982 1426 1032; x_wconf 81' lang='lat' dir='ltr'>artificialisem-</span> 
     </span>
     <span class='ocr_line' id='line_1_13' title="bbox 149 1049 1425 1120; baseline -0.002 -21"><span class='ocrx_word' id='word_1_67' title='bbox 149 1071 227 1118; x_wconf 85' lang='lat' dir='ltr'>per</span> <span class='ocrx_word' id='word_1_68' title='bbox 263 1053 416 1103; x_wconf 88' lang='lat' dir='ltr'>locum</span> <span class='ocrx_word' id='word_1_69' title='bbox 450 1051 658 1114; x_wconf 79' lang='lat' dir='ltr'>habebit,</span> <span class='ocrx_word' id='word_1_70' title='bbox 693 1055 803 1104; x_wconf 89' lang='lat' dir='ltr'>dum</span> <span class='ocrx_word' id='word_1_71' title='bbox 839 1053 1001 1120; x_wconf 86' lang='lat' dir='ltr'>reliqui</span> <span class='ocrx_word' id='word_1_72' title='bbox 1035 1049 1425 1101; x_wconf 53' lang='lat' dir='ltr'>fallacem-vadere</span> 
     </span>
     <span class='ocr_line' id='line_1_14' title="bbox 145 1139 559 1188; baseline 0.007 -20"><span class='ocrx_word' id='word_1_73' title='bbox 145 1139 367 1188; x_wconf 73' lang='lat' dir='ltr'>possunt,</span> <span class='ocrx_word' id='word_1_74' title='bbox 557 1168 559 1171; x_wconf 86' lang='lat'>.</span> 
     </span>
    </p>

    <p class='ocr_par' dir='ltr' id='par_1_5' title="bbox 146 1186 1437 1510">
     <span class='ocr_line' id='line_1_15' title="bbox 285 1186 1431 1257; baseline -0.002 -20"><span class='ocrx_word' id='word_1_75' title='bbox 285 1190 572 1240; x_wconf 83' lang='lat' dir='ltr'>Characteres&#39;</span> <span class='ocrx_word' id='word_1_76' title='bbox 603 1188 877 1257; x_wconf 41' lang='lat' dir='ltr'>admittendi(</span> <span class='ocrx_word' id='word_1_77' title='bbox 900 1205 1077 1239; x_wconf 87' lang='lat' dir='ltr'>tantum</span> <span class='ocrx_word' id='word_1_78' title='bbox 1114 1187 1212 1244; x_wconf 88' lang='lat' dir='ltr'>illi,</span> <span class='ocrx_word' id='word_1_79' title='bbox 1257 1187 1336 1251; x_wconf 89' lang='lat' dir='ltr'>qui</span> <span class='ocrx_word' id='word_1_80' title='bbox 1358 1186 1431 1235; x_wconf 49' lang='lat' dir='ltr'>vi*</span> 
     </span>
     <span class='ocr_line' id='line_1_16' title="bbox 150 1251 1437 1322; baseline -0.003 -18"><span class='ocrx_word' id='word_1_81' title='bbox 150 1275 222 1312; x_wconf 76' lang='lat' dir='ltr'>sus</span> <span class='ocrx_word' id='word_1_82' title='bbox 257 1261 400 1306; x_wconf 80' lang='lat' dir='ltr'>sensui</span> <span class='ocrx_word' id='word_1_83' title='bbox 433 1277 716 1322; x_wconf 73' lang='lat' dir='ltr'>occurrunt-,3</span> <span class='ocrx_word' id='word_1_84' title='bbox 765 1261 945 1306; x_wconf 83' lang='lat' dir='ltr'>erronei</span> <span class='ocrx_word' id='word_1_85' title='bbox 987 1274 1094 1306; x_wconf 89' lang='lat' dir='ltr'>vero</span> <span class='ocrx_word' id='word_1_86' title='bbox 1148 1251 1383 1320; x_wconf 86' lang='lat' dir='ltr'>reputandi</span> <span class='ocrx_word' id='word_1_87' title='bbox 1412 1272 1437 1311; x_wconf 49' lang='lat'>,’</span> 
     </span>
     <span class='ocr_line' id='line_1_17' title="bbox 148 1321 1431 1389; baseline -0.004 -17"><span class='ocrx_word' id='word_1_88' title='bbox 148 1327 287 1389; x_wconf 78' lang='lat' dir='ltr'>quia</span> <span class='ocrx_word' id='word_1_89' title='bbox 322 1327 560 1374; x_wconf 83' lang='lat' dir='ltr'>domicilio·</span> <span class='ocrx_word' id='word_1_90' title='bbox 592 1363 608 1383; x_wconf 87' lang='lat'><strong>,</strong></span> <span class='ocrx_word' id='word_1_91' title='bbox 642 1328 854 1375; x_wconf 83' lang='lat' dir='ltr'>alimento</span> <span class='ocrx_word' id='word_1_92' title='bbox 878 1359 890 1379; x_wconf 73' lang='lat'>,</span> <span class='ocrx_word' id='word_1_93' title='bbox 923 1325 1097 1377; x_wconf 69' lang='lat' dir='ltr'>odore,</span> <span class='ocrx_word' id='word_1_94' title='bbox 1135 1324 1288 1372; x_wconf 84' lang='lat' dir='ltr'>colore</span> <span class='ocrx_word' id='word_1_95' title='bbox 1308 1358 1322 1378; x_wconf 93' lang='lat'>,</span> <span class='ocrx_word' id='word_1_96' title='bbox 1360 1321 1431 1386; x_wconf 82' lang='lat' dir='ltr'>lo-</span> 
     </span>
     <span class='ocr_line' id='line_1_18' title="bbox 147 1386 1429 1460; baseline -0.005 -19"><span class='ocrx_word' id='word_1_97' title='bbox 147 1411 204 1454; x_wconf 75' lang='lat' dir='ltr'>co</span> <span class='ocrx_word' id='word_1_98' title='bbox 236 1426 259 1446; x_wconf 86' lang='lat'>,.</span> <span class='ocrx_word' id='word_1_99' title='bbox 309 1397 643 1460; x_wconf 7' lang='lat' dir='ltr'>comparatione*</span> <span class='ocrx_word' id='word_1_100' title='bbox 676 1429 694 1452; x_wconf 91' lang='lat'>,</span> <span class='ocrx_word' id='word_1_101' title='bbox 744 1394 927 1460; x_wconf 82' lang='lat' dir='ltr'>aliisque</span> <span class='ocrx_word' id='word_1_102' title='bbox 978 1397 1026 1441; x_wconf 82' lang='lat' dir='ltr'>in</span> <span class='ocrx_word' id='word_1_103' title='bbox 1076 1393 1276 1440; x_wconf 82' lang='lat' dir='ltr'>medium</span> <span class='ocrx_word' id='word_1_104' title='bbox 1326 1386 1429 1436; x_wconf 84' lang='lat' dir='ltr'>affe-</span> 
     </span>
     <span class='ocr_line' id='line_1_19' title="bbox 146 1476 857 1510; baseline 0.001 -2"><span class='ocrx_word' id='word_1_105' title='bbox 146 1476 307 1508; x_wconf 87' lang='lat' dir='ltr'>runtur</span> <span class='ocrx_word' id='word_1_106' title='bbox 331 1499 342 1510; x_wconf 92' lang='lat'><strong>.</strong></span> <span class='ocrx_word' id='word_1_107' title='bbox 851 1480 857 1485; x_wconf 91' lang='lat'><strong>·</strong></span> 
     </span>
    </p>

    <p class='ocr_par' dir='ltr' id='par_1_6' title="bbox 145 1525 1439 1863">
     <span class='ocr_line' id='line_1_20' title="bbox 279 1525 1428 1594; baseline -0.003 -19"><span class='ocrx_word' id='word_1_108' title='bbox 279 1528 479 1578; x_wconf 88' lang='lat' dir='ltr'>Vocibus</span> <span class='ocrx_word' id='word_1_109' title='bbox 541 1529 719 1578; x_wconf 85' lang='lat' dir='ltr'>tandem</span> <span class='ocrx_word' id='word_1_110' title='bbox 788 1531 908 1594; x_wconf 85' lang='lat' dir='ltr'>puris</span> <span class='ocrx_word' id='word_1_111' title='bbox 985 1532 1106 1578; x_wconf 79' lang='lat' dir='ltr'>Artis</span> <span class='ocrx_word' id='word_1_112' title='bbox 1167 1525 1428 1592; x_wconf 77' lang='lat' dir='ltr'>exponendi</span> 
     </span>
     <span class='ocr_line' id='line_1_21' title="bbox 145 1591 1439 1664; baseline -0.005 -18"><span class='ocrx_word' id='word_1_113' title='bbox 145 1595 427 1661; x_wconf 81' lang='lat' dir='ltr'>Chatacteres</span> <span class='ocrx_word' id='word_1_114' title='bbox 461 1593 657 1664; x_wconf 42' lang='lat' dir='ltr'>generici&#39;</span> <span class='ocrx_word' id='word_1_115' title='bbox 684 1633 698 1653; x_wconf 91' lang='lat'>,</span> <span class='ocrx_word' id='word_1_116' title='bbox 737 1613 790 1646; x_wconf 81' lang='lat' dir='ltr'>ut</span> <span class='ocrx_word' id='word_1_117' title='bbox 837 1591 1167 1662; x_wconf 78' lang='lat' dir='ltr'>compendiaria</span> <span class='ocrx_word' id='word_1_118' title='bbox 1219 1593 1439 1658; x_wconf 84' lang='lat' dir='ltr'>loquendi</span> 
     </span>
     <span class='ocr_line' id='line_1_22' title="bbox 148 1662 1433 1730; baseline -0.002 -19"><span class='ocrx_word' id='word_1_119' title='bbox 148 1662 261 1711; x_wconf 82' lang='lat' dir='ltr'>ratio</span> <span class='ocrx_word' id='word_1_120' title='bbox 298 1680 374 1712; x_wconf 87' lang='lat' dir='ltr'>sua</span> <span class='ocrx_word' id='word_1_121' title='bbox 407 1664 572 1730; x_wconf 85' lang='lat' dir='ltr'>fulgeat</span> <span class='ocrx_word' id='word_1_122' title='bbox 606 1666 945 1729; x_wconf 38' lang='lat' dir='ltr'>perspicuitates</span> <span class='ocrx_word' id='word_1_123' title='bbox 991 1664 1237 1712; x_wconf 65' lang='lat' dir='ltr'>Luc-talenta</span> <span class='ocrx_word' id='word_1_124' title='bbox 1274 1664 1433 1721; x_wconf 69' lang='lat' dir='ltr'>hujus-</span> 
     </span>
     <span class='ocr_line' id='line_1_23' title="bbox 149 1726 1436 1796; baseline 0 -20"><span class='ocrx_word' id='word_1_125' title='bbox 149 1731 274 1778; x_wconf 84' lang='lat' dir='ltr'>modi</span> <span class='ocrx_word' id='word_1_126' title='bbox 329 1749 500 1778; x_wconf 89' lang='lat' dir='ltr'>vocum</span> <span class='ocrx_word' id='word_1_127' title='bbox 556 1731 754 1796; x_wconf 72' lang='lat' dir='ltr'>supellex¹</span> <span class='ocrx_word' id='word_1_128' title='bbox 806 1733 853 1777; x_wconf 91' lang='lat' dir='ltr'>in</span> <span class='ocrx_word' id='word_1_129' title='bbox 903 1730 1046 1795; x_wconf 85' lang='lat' dir='ltr'>prima</span> <span class='ocrx_word' id='word_1_130' title='bbox 1107 1731 1241 1790; x_wconf 84' lang='lat' dir='ltr'>hujus</span> <span class='ocrx_word' id='word_1_131' title='bbox 1291 1726 1436 1794; x_wconf 82' lang='lat' dir='ltr'>operis</span> 
     </span>
     <span class='ocr_line' id='line_1_24' title="bbox 151 1798 1073 1863; baseline 0.002 -18"><span class='ocrx_word' id='word_1_132' title='bbox 151 1813 274 1862; x_wconf 78' lang='lat' dir='ltr'>parte</span> <span class='ocrx_word' id='word_1_133' title='bbox 310 1801 506 1862; x_wconf 83' lang='lat' dir='ltr'>exposita</span> <span class='ocrx_word' id='word_1_134' title='bbox 542 1798 724 1846; x_wconf 82' lang='lat' dir='ltr'>hahetur</span> <span class='ocrx_word' id='word_1_135' title='bbox 748 1835 758 1846; x_wconf 94' lang='lat'>.</span> <span class='ocrx_word' id='word_1_136' title='bbox 1069 1859 1073 1863; x_wconf 89' lang='lat'>.</span> 
     </span>
    </p>

    <p class='ocr_par' dir='ltr' id='par_1_7' title="bbox 144 1860 1440 2133">
     <span class='ocr_line' id='line_1_25' title="bbox 292 1860 1438 1930; baseline -0.001 -18"><span class='ocrx_word' id='word_1_137' title='bbox 292 1864 549 1913; x_wconf 85' lang='lat' dir='ltr'>Differentia</span> <span class='ocrx_word' id='word_1_138' title='bbox 606 1864 803 1930; x_wconf 84' lang='lat' dir='ltr'>specifica</span> <span class='ocrx_word' id='word_1_139' title='bbox 855 1863 1088 1930; x_wconf 84' lang='lat' dir='ltr'>distinguit</span> <span class='ocrx_word' id='word_1_140' title='bbox 1120 1860 1346 1913; x_wconf 71' lang='lat' dir='ltr'>I&#39;nsecturn</span> <span class='ocrx_word' id='word_1_141' title='bbox 1383 1860 1438 1911; x_wconf 80' lang='lat' dir='ltr'>ab</span> 
     </span>
     <span class='ocr_line' id='line_1_26' title="bbox 154 1932 1440 1998; baseline 0.001 -20"><span class='ocrx_word' id='word_1_142' title='bbox 154 1932 366 1992; x_wconf 85' lang='lat' dir='ltr'>omnibus</span> <span class='ocrx_word' id='word_1_143' title='bbox 402 1933 723 1998; x_wconf 84' lang='lat' dir='ltr'>congeneribus</span> <span class='ocrx_word' id='word_1_144' title='bbox 745 1970 756 1983; x_wconf 91' lang='lat'>.</span> <span class='ocrx_word' id='word_1_145' title='bbox 794 1933 1009 1982; x_wconf 89' lang='lat' dir='ltr'>Continet</span> <span class='ocrx_word' id='word_1_146' title='bbox 1026 1932 1320 1981; x_wconf 82' lang='lat' dir='ltr'>characterem</span> <span class='ocrx_word' id='word_1_147' title='bbox 1339 1951 1440 1997; x_wconf 83' lang='lat' dir='ltr'>spe-</span> 
     </span>
     <span class='ocr_line' id='line_1_27' title="bbox 155 1999 1440 2064; baseline 0.001 -17"><span class='ocrx_word' id='word_1_148' title='bbox 155 2001 234 2047; x_wconf 85' lang='lat' dir='ltr'>ciei</span> <span class='ocrx_word' id='word_1_149' title='bbox 270 2001 540 2048; x_wconf 84' lang='lat' dir='ltr'>essentialem</span> <span class='ocrx_word' id='word_1_150' title='bbox 578 2036 601 2058; x_wconf 56' lang='grc'>,»</span> <span class='ocrx_word' id='word_1_151' title='bbox 629 2003 707 2064; x_wconf 88' lang='lat' dir='ltr'>qui</span> <span class='ocrx_word' id='word_1_152' title='bbox 744 2017 849 2048; x_wconf 89' lang='lat' dir='ltr'>cum</span> <span class='ocrx_word' id='word_1_153' title='bbox 884 2000 1133 2048; x_wconf 82' lang='lat' dir='ltr'>charactere</span> <span class='ocrx_word' id='word_1_154' title='bbox 1167 1999 1356 2048; x_wconf 84' lang='lat' dir='ltr'>naturali</span> <span class='ocrx_word' id='word_1_155' title='bbox 1390 2001 1440 2048; x_wconf 70' lang='lat' dir='ltr'>in</span> 
     </span>
     <span class='ocr_line' id='line_1_28' title="bbox 144 2068 805 2133; baseline 0.006 -20"><span class='ocrx_word' id='word_1_156' title='bbox 144 2070 238 2129; x_wconf 85' lang='lat' dir='ltr'>ejus</span> <span class='ocrx_word' id='word_1_157' title='bbox 275 2068 570 2133; x_wconf 73' lang='lat' dir='ltr'>descriptione</span> <span class='ocrx_word' id='word_1_158' title='bbox 607 2069 771 2115; x_wconf 82' lang='lat' dir='ltr'>exsistit</span> <span class='ocrx_word' id='word_1_159' title='bbox 794 2104 805 2117; x_wconf 90' lang='lat'><strong>.</strong></span> 
     </span>
    </p>

    <p class='ocr_par' dir='ltr' id='par_1_8' title="bbox 141 2133 1440 2337">
     <span class='ocr_line' id='line_1_29' title="bbox 283 2133 1437 2202; baseline 0.003 -20"><span class='ocrx_word' id='word_1_160' title='bbox 283 2133 555 2184; x_wconf 66' lang='lat' dir='ltr'>Differentiae</span> <span class='ocrx_word' id='word_1_161' title='bbox 603 2136 825 2184; x_wconf 83' lang='lat' dir='ltr'>character</span> <span class='ocrx_word' id='word_1_162' title='bbox 858 2153 883 2183; x_wconf 83' lang='lat' dir='ltr'>a</span> <span class='ocrx_word' id='word_1_163' title='bbox 922 2134 1118 2202; x_wconf 81' lang='lat' dir='ltr'>partibus</span> <span class='ocrx_word' id='word_1_164' title='bbox 1153 2141 1437 2185; x_wconf 82' lang='lat' dir='ltr'>Insectorum</span> 
     </span>
     <span class='ocr_line' id='line_1_30' title="bbox 141 2199 1440 2270; baseline 0.006 -23"><span class='ocrx_word' id='word_1_165' title='bbox 141 2199 261 2267; x_wconf 74' lang='lat' dir='ltr'>haud</span> <span class='ocrx_word' id='word_1_166' title='bbox 296 2202 552 2252; x_wconf 84' lang='lat' dir='ltr'>ludentibus</span> <span class='ocrx_word' id='word_1_167' title='bbox 594 2204 890 2252; x_wconf 88' lang='lat' dir='ltr'>desumendus</span> <span class='ocrx_word' id='word_1_168' title='bbox 923 2237 940 2258; x_wconf 89' lang='lat'>,</span> <span class='ocrx_word' id='word_1_169' title='bbox 999 2221 1056 2251; x_wconf 88' lang='lat' dir='ltr'>ne</span> <span class='ocrx_word' id='word_1_170' title='bbox 1108 2220 1192 2268; x_wconf 82' lang='lat' dir='ltr'>pto</span> <span class='ocrx_word' id='word_1_171' title='bbox 1228 2204 1440 2270; x_wconf 58' lang='lat' dir='ltr'>specifica&amp;</span> 
     </span>
     <span class='ocr_line' id='line_1_31' title="bbox 144 2267 1211 2337; baseline 0.006 -22"><span class='ocrx_word' id='word_1_172' title='bbox 144 2267 389 2336; x_wconf 80' lang='lat' dir='ltr'>differentia</span> <span class='ocrx_word' id='word_1_173' title='bbox 423 2273 609 2320; x_wconf 79' lang='lat' dir='ltr'>varietas</span> <span class='ocrx_word' id='word_1_174' title='bbox 639 2267 864 2320; x_wconf 76' lang='lat' dir='ltr'>I&#39;ndividui</span> <span class='ocrx_word' id='word_1_175' title='bbox 899 2286 1178 2337; x_wconf 86' lang='lat' dir='ltr'>proponatur</span> <span class='ocrx_word' id='word_1_176' title='bbox 1201 2311 1211 2321; x_wconf 94' lang='lat'><em>.</em></span> 
     </span>
    </p>

    <p class='ocr_par' dir='ltr' id='par_1_9' title="bbox 143 2333 1428 2536">
     <span class='ocr_line' id='line_1_32' title="bbox 280 2333 1428 2405; baseline 0.004 -21"><span class='ocrx_word' id='word_1_177' title='bbox 280 2333 546 2386; x_wconf 66' lang='lat' dir='ltr'>Differentiae</span> <span class='ocrx_word' id='word_1_178' title='bbox 581 2358 605 2388; x_wconf 85' lang='lat' dir='ltr'>a</span> <span class='ocrx_word' id='word_1_179' title='bbox 639 2339 945 2405; x_wconf 86' lang='lat' dir='ltr'>magnitudine</span> <span class='ocrx_word' id='word_1_180' title='bbox 967 2375 981 2394; x_wconf 87' lang='lat'><strong>,</strong></span> <span class='ocrx_word' id='word_1_181' title='bbox 1021 2358 1045 2386; x_wconf 86' lang='lat' dir='ltr'>a</span> <span class='ocrx_word' id='word_1_182' title='bbox 1065 2338 1303 2388; x_wconf 86' lang='lat' dir='ltr'>collatione</span> <span class='ocrx_word' id='word_1_183' title='bbox 1320 2351 1428 2389; x_wconf 79' lang='lat' dir='ltr'>cum</span> 
     </span>
     <span class='ocr_line' id='line_1_33' title="bbox 143 2404 1428 2474; baseline 0.004 -23"><span class='ocrx_word' id='word_1_184' title='bbox 143 2404 236 2452; x_wconf 86' lang='lat' dir='ltr'>aliis</span> <span class='ocrx_word' id='word_1_185' title='bbox 272 2407 481 2461; x_wconf 88' lang='lat' dir='ltr'>Insectis,</span> <span class='ocrx_word' id='word_1_186' title='bbox 520 2407 588 2454; x_wconf 88' lang='lat' dir='ltr'>vel</span> <span class='ocrx_word' id='word_1_187' title='bbox 621 2424 726 2456; x_wconf 90' lang='lat' dir='ltr'>cum</span> <span class='ocrx_word' id='word_1_188' title='bbox 764 2405 988 2474; x_wconf 81' lang='lat' dir='ltr'>speciebus</span> <span class='ocrx_word' id='word_1_189' title='bbox 1023 2407 1222 2472; x_wconf 79' lang='lat' dir='ltr'>ejusdem</span> <span class='ocrx_word' id='word_1_190' title='bbox 1244 2408 1428 2457; x_wconf 76' lang='lat' dir='ltr'>Generis</span> 
     </span>
     <span class='ocr_line' id='line_1_34' title="bbox 148 2474 787 2536; baseline 0.009 -17"><span class='ocrx_word' id='word_1_191' title='bbox 148 2474 340 2525; x_wconf 81' lang='lat' dir='ltr'>omnino</span> <span class='ocrx_word' id='word_1_192' title='bbox 374 2474 621 2536; x_wconf 79' lang='lat' dir='ltr'>rejiciendae</span> <span class='ocrx_word' id='word_1_193' title='bbox 655 2490 787 2525; x_wconf 60' lang='lat' dir='ltr'>sunt„</span> 
     </span>
    </p>

    <p class='ocr_par' dir='ltr' id='par_1_10' title="bbox 1241 2545 1428 2594">
     <span class='ocr_line' id='line_1_35' title="bbox 1241 2545 1428 2594; baseline 0.011 -2"><span class='ocrx_word' id='word_1_194' title='bbox 1241 2545 1428 2594; x_wconf 81' lang='lat' dir='ltr'>Nomen</span> 
     </span>
    </p>
   </div>
  </div>
 </body>
</html>
